% Encoding: UTF-8
@comment{x-kbibtex-personnameformatting=<%l><, %f>}

@PhdThesis{Mitzenmacher96,
  author = {Mitzenmacher, Michael David},
  title  = {The Power of Two Choices in Randomized Load Balancing},
  school = {Citeseer},
  year   = {1996},
  file   = {Mitzenmacher96.pdf:../related/Mitzenmacher96.pdf:PDF;Mitzenmacher96a.pdf:../related/Mitzenmacher96a.pdf:PDF},
}

@Article{DeheuvelsDe84,
  author    = {Deheuvels, Paul and Devroye, Luc},
  title     = {Strong laws for the maximal $k$-spacing when $k \le  c \log n$},
  journal   = {Zeitschrift f{\"u}r Wahrscheinlichkeitstheorie und Verwandte Gebiete},
  year      = {1984},
  volume    = {66},
  number    = {3},
  pages     = {315--334},
  file      = {DeheuvelsDe84.pdf:../related/DeheuvelsDe84.pdf:PDF}
}

@Unpublished{Kallenberg16,
  author = {Kallenberg, Lodewijk},
  title  = {Markov Decision Processes},
  year   = {2016},
  file   = {:../related/Kallenberg16.pdf:PDF},
}

@InProceedings{ColeFrMa98,
  author    = {Cole, Richard and Frieze, Alan and Maggs, Bruce M. and Mitzenmacher, Michael and Richa, Andr{\'e}a W. and Sitaraman, Ramesh and Upfal, Eli},
  title     = {On Balls and Bins with Deletions},
  booktitle = {RANDOM '98},
  doi       = {10.1007/3-540-49543-6_12},
  file      = {:../related/ColeFrMa98.ps:PostScript},
  isbn      = {978-3-540-49543-7},
}

@InProceedings{MitzenmacherRiSi00,
  author    = {Michael Mitzenmacher and Andréa W. Richa and Ramesh Sitaraman},
  title     = {The Power of Two Random Choices: A Survey of Techniques and Results},
  booktitle = {Handbook of Randomized Computing},
  year      = {2000},
  pages     = {255--312},
  publisher = {Kluwer},
  file      = {:../related/MitzenmacherRisi2001.pdf:PDF},
}

@Inproceedings{AdlerBeSc98,
  title     = {Analyzing an Infinite Parallel Job Allocation Process},
  author    = {Adler, Micah and Berenbrink, Petra and Schr{\"o}der, Klaus},
  booktitle = {ESA '98}
}

@InProceedings{Mitzenmacher98,
  author    = {Michael Mitzenmacher},
  title     = {On the Analysis of Randomized Load Balancing Schemes},
  booktitle = {SPAA '98},
  pages     = {292--301},
  file      = {Mitzenmacher98.pdf:../related/Mitzenmacher98.pdf:PDF},
}

@InProceedings{Mitzenmacher96a,
  author    = {Mitzenmacher, M.},
  title     = {Load Balancing and Density Dependent Jump Markov Processes},
  booktitle = {FOCS '96},
  file      = {Mitzenmacher96a.pdf:../related/Mitzenmacher96a.pdf:PDF},
  keywords  = {Poisson stream, density dependent jump Markov processes, dynamic randomized load balancing, first-in first-out protocol, load balancing, parallel processors, protocols, servers, service time, supermarket model}
}

@inproceedings{AzarBrKa94,
  pages     = {593--602},
  title     = {Balanced allocations},
  author    = {Y. Azar and Broder, {A. Z.} and Karlin, {A. R.} and E. Upfal},
  isbn      = {0897916638},
  booktitle = {STOC '94},
  file      = {AzarBrKa94.pdf:../related/AzarBrKa94.pdf:PDF},
}

@InProceedings{ColeMaMe98,
  author    = {Cole, Richard and Maggs, Bruce M. and Meyer auf der Heide, Friedhelm and Mitzenmacher, Michael and Richa, Andr{\'e}a W. and Schr\"{o}der, Klaus and Sitaraman, Ramesh K. and V\"{o}cking, Berthold},
  title     = {Randomized Protocols for Low-congestion Circuit Routing in Multistage Interconnection Networks},
  booktitle = {STOC},
  year      = {1998},
  pages     = {378--388},
  acmid     = {276790},
  doi       = {10.1145/276698.276790},
  file      = {ColeMaMe98.pdf:../related/ColeMaMe98.pdf:PDF},
  isbn      = {0-89791-962-9},
  location  = {Dallas, Texas, USA},
  numpages  = {11}
}

@InProceedings{ValiantBr81,
  author    = {Valiant, L. G. and Brebner, G. J.},
  title     = {Universal Schemes for Parallel Communication},
  booktitle = {STOC '81},
  pages     = {263--277},
  doi       = {10.1145/800076.802479}
}

@InProceedings{CzumajSt97,
  author    = {Czumaj, Artur and Stemann, Volker},
  title     = {Randomized Allocation Processes},
  booktitle = {FOCS '97},
  pages     = {194--203},
  file      = {CzumajSt97.pdf:../related/CzumajSt97.pdf:PDF},
  isbn      = {0-8186-8197-7}
}

@Article{Voecking03,
  author     = {V\"{o}cking, Berthold},
  title      = {How Asymmetry Helps Load Balancing},
  journal    = {J. ACM},
  year       = {2003},
  volume     = {50},
  number     = {4},
  pages      = {568--589},
  month      = jul,
  issn       = {0004-5411},
  acmid      = {792546},
  address    = {New York, NY, USA},
  doi        = {10.1145/792538.792546},
  file       = {Voecking03.pdf:../related/Voecking03.pdf:PDF},
  issue_date = {July 2003},
  keywords   = {Randomized algorithms, balls and bins processes, probabilistic analysis}
}

@Online{Callaghan11,
  author       = {Mark Callaghan},
  title        = {Something awesome in {InnoDB} -- the insert buffer},
  howpublished = {\url{https://www.facebook.com/notes/mysql-at-facebook/something-awesome-in-innodb-the-insert-buffer/492969385932/}},
  year         = {2011},
}

@Online{Callaghan10,
  author       = {Mark Callaghan},
  title        = {An obscure performance problem with the insert buffer},
  howpublished = {\url{https://www.facebook.com/notes/mysql-at-facebook/an-obscure-performance-problem-with-the-insert-buffer/479735920932/}},
  year         = {2010},
}

@Online{SAP17,
  author       = {SAP},
  title        = {RLV Data Store for Write-Optimized Storage},
  howpublished = {\url{http://help-legacy.sap.com/saphelp_iq1611_iqnfs/helpdata/en/a3/13783784f21015bf03c9b06ad16fc0/content.htm}},
  year         = {2017},
}

@Online{Vertica17,
  author       = {Vertica},
  title        = {WOS (Write Optimized Store)},
  howpublished = {\url{https://my.vertica.com/docs/7.1.x/HTML/Content/Authoring/Glossary/WOSWriteOptimizedStore.htm}},
  year         = {2017},
}

@Online{Oracle17,
  author       = {Oracle},
  title        = {Tuning the Database Buffer Cache},
  howpublished = {\url{https://docs.oracle.com/database/121/TGDBA/tune_buffer_cache.htm#TGDBA294}},
  year         = {2017},
}

@Online{IBM17,
  author       = {IBM},
  title        = {Buffered inserts in partitioned database environments},
  howpublished = {\url{https://www.ibm.com/support/knowledgecenter/SSEPGG_10.5.0/com.ibm.db2.luw.apdv.embed.doc/doc/c0061906.html}},
  year         = {2017},
}

@Online{Xiang12,
  author       = {Jimmy Xiang},
  title        = {Apache HBase Write Path},
  howpublished = {\url{http://blog.cloudera.com/blog/2012/06/hbase-write-path/}},
  year         = {2012},
}

@Online{NuDB16,
  author       = {NuDB},
  title        = {NuDB: A fast key/value insert-only database for SSD drives in C++11},
  howpublished = {\url{https://github.com/vinniefalco/NuDB}},
  year         = {2016},
}

@Online{Azure16,
  author       = {Microsoft Azure},
  title        = {How to use batching to improve {SQL} Database application performance},
  howpublished = {\url{https://docs.microsoft.com/en-us/azure/sql-database/sql-database-use-batching-to-improve-performance}},
  year         = {2016},
}

@Online{Informix,
  author = {IBM Informix},
  title  = {Understanding {SQL} insert cursors},
  url    = {https://www.ibm.com/support/knowledgecenter/en/SSBJG3_2.5.0/com.ibm.gen_busug.doc/c_fgl_InsertCursors_002.htm},
}
,
year={2017}
}

@InProceedings{CanimLaMi10,
  author    = {Mustafa Canim and Christian A. Lang and George A. Mihaila and Kenneth A. Ross},
  title     = {Buffered Bloom filters on solid state storage},
  booktitle = {ADMS},
	year      = {2010},
}

@Article{BenderFaJo12,
  author  = {Michael A. Bender and Martin Farach-Colton and Rob Johnson and Russell Kraner and Bradley C. Kuszmaul and Dzejla Medjedovic and Pablo Montes and Pradeep Shetty and Richard P. Spillane and Erez Zadok},
  title   = {Don’t Thrash: How to Cache Your Hash on Flash},
  journal = {{PVLDB}},
  year    = {2012},
  volume  = {5},
  number  = {11},
  pages   = {1627--1637},
  ee      = {http://vldb.org/pvldb/vol5/p1627_michaelabender_vldb2012.pdf},
}

@InProceedings{BrodalFa03,
  author    = {Gerth St{\o}lting Brodal and Rolf Fagerberg},
  title     = {Lower Bounds for External Memory Dictionaries},
  booktitle = {SODA '03}
}

@Misc{Tokutek14,
  author = {{Tokutek, Inc.}},
  title  = {{TokuDB} and {TokuMX}},
  year   = {2014},
  note   = {\url{http://www.tokutek.com}},
  key    = {tokutek},
  url    = {http://www.tokutek.com},
}

@Misc{Oracle17a,
  author = {{Oracle, Inc.}},
  title  = {Introduction to InnoDB},
  year   = {2017},
  note   = {\url{https://dev.mysql.com/doc/refman/5.6/en/innodb-introduction.html}},
  key    = {innodb},
  url    = {https://dev.mysql.com/doc/refman/5.6/en/innodb-introduction.html},
}

@Misc{Oracle17b,
  author = {{Oracle, Inc.}},
  title  = {{MySQL}},
  year   = {2017},
  note   = {\url{https://www.mysql.com}},
  key    = {mysql},
  url    = {https://www.mysql.com},
}

@Misc{Foundation17,
  author = {{MariaDB} {Foundation}},
  title  = {{MariaDB Foundation}},
  year   = {2017},
  note   = {\url{https://mariadb.org}},
  key    = {mariadb},
  url    = {https://mariadb.org},
}

@InProceedings{BenderFaFi07,
  author    = {Michael A. Bender and Martin Farach-Colton and Jeremy T. Fineman and Yonatan Fogel and Bradley Kuszmaul and Jelani Nelson},
  title     = {Cache-Oblivious Streaming {B}-trees},
  booktitle = {SPAA},
  year      = {2007},
  pages     = {81--92},
  doi       = {10.1145/1248377.1248393},
}

@Article{ONeilChGa96,
  author    = {O’Neil, Patrick and Cheng, Edward and Gawlick, Dieter and O’Neil, Elizabeth},
  title     = {The log-structured merge-tree (LSM-tree)},
  journal   = {Acta Informatica},
  year      = {1996},
  volume    = {33},
  number    = {4},
  pages     = {351--385}
}

@InProceedings{BrodalDeFi10,
  author    = {Brodal, Gerth St{\o}lting and Demaine, Erik D. and Fineman, Jeremy T. and Iacono, John and Langerman, Stefan and Munro, J. Ian},
  title     = {Cache-oblivious Dynamic Dictionaries with Update/Query Tradeoffs},
  booktitle = {SODA '10},
  isbn      = {978-0-898716-98-6}
}

@InProceedings{JannenYuZh15,
  author    = {William Jannen and Jun Yuan and Yang Zhan and Amogh Akshintala and John Esmet and Yizheng Jiao and Ankur Mittal and Prashant Pandey and Phaneendra Reddy and Leif Walsh and Michael Bender and Martin Farach-Colton and Rob Johnson and Bradley C. Kuszmaul and Donald E. Porter},
  title     = {{BetrFS}: A Right-Optimized Write-Optimized File System},
  booktitle = {FAST '15},
  file      = {JannenYuZh15.pdf:../related/JannenYuZh15.pdf:PDF},
  isbn      = {978-1-931971-201},
}

@Article{JannenYuZh15a,
  author     = {Jannen, William and Yuan, Jun and Zhan, Yang and Akshintala, Amogh and Esmet, John and Jiao, Yizheng and Mittal, Ankur and Pandey, Prashant and Reddy, Phaneendra and Walsh, Leif and Bender, Michael A. and Farach-Colton, Martin and Johnson, Rob and Kuszmaul, Bradley C. and Porter, Donald E.},
  title      = {{BetrFS:} Write-Optimization in a Kernel File System},
  journal    = {Trans. Storage},
  year       = {2015},
  volume     = {11},
  number     = {4},
  pages      = {18:1--18:29},
  month      = nov,
  issn       = {1553-3077},
  acmid      = {2798729},
  address    = {New York, NY, USA},
  articleno  = {18},
  doi        = {10.1145/2798729},
  file       = {JannenYuZh15a.pdf:../related/JannenYuZh15a.pdf:PDF},
  issue_date = {November 2015},
  keywords   = {B\ϵ-trees, file system, write optimization}
}

@Article{AdlerChMi98,
  author    = {Adler, Micah and Chakrabarti, Soumen and Mitzenmacher, Michael and Rasmussen, Lars},
  title     = {Parallel randomized load balancing},
  journal   = {Random Structures \& Algorithms},
  year      = {1998},
  volume    = {13},
  number    = {2},
  pages     = {159--188},
  issn      = {1098-2418},
  doi       = {10.1002/(SICI)1098-2418(199809)13:2<159::AID-RSA3>3.0.CO;2-Q},
  publisher = {Wiley Subscription Services, Inc., A Wiley Company},
}

@article{YuanZhJa17,
  author    = {Jun Yuan and Yang Zhan and William Jannen and Prashant Pandey and Amogh Akshintala and Kanchan Chandnani and Pooja Deo and Zardosht Kasheff and Leif Walsh and Michael Bender and Martin Farach-Colton and Rob Johnson and Bradley C. Kuszmaul and Donald E. Porter},
  title     = {Optimizing Every Operation in a Write-optimized File System},
  journal    = {Trans. Storage},
  year       = {2017},
  volume     = {13},
  number     = {1}
}

@InProceedings{YuanZhJa16,
  author    = {Jun Yuan and Yang Zhan and William Jannen and Prashant Pandey and Amogh Akshintala and Kanchan Chandnani and Pooja Deo and Zardosht Kasheff and Leif Walsh and Michael Bender and Martin Farach-Colton and Rob Johnson and Bradley C. Kuszmaul and Donald E. Porter},
  title     = {Optimizing Every Operation in a Write-optimized File System},
  booktitle = {FAST '16},
  pages     = {1--14},
  isbn      = {978-1-931971-28-7}
}

@InProceedings{ConwayBa17,
  author    = {Alexander Conway and Ainesh Bakshi and Yizheng Jiao and William Jannen and Yang Zhan and Jun Yuan and Michael A Bender and Rob Johnson and Bradley C Kuszmaul and Donald E Porter and Martin Farach-Colton},
  title     = {File Systems Fated for Senescence? Nonsense, Says Science!},
  booktitle = {FAST '17}
}

@Article{BenjaminiMa12,
  author    = {Benjamini, Itai and Makarychev, Yury},
  title     = {Balanced allocation: Memory performance tradeoffs},
  journal   = {Ann. Appl. Probab.},
  year      = {2012},
  volume    = {22},
  number    = {4},
  pages     = {1642--1649},
  month     = {08},
  doi       = {10.1214/11-AAP804},
  fjournal  = {The Annals of Applied Probability},
  publisher = {The Institute of Mathematical Statistics},
}

@InProceedings{PetrovaOlMa10,
  author    = {Petrova, Marina and Olano, Natalia and M\"{a}h\"{o}nen, Petri},
  title     = {Balls and Bins Distributed Load Balancing Algorithm for Channel Allocation},
  booktitle = {WONS '10}
}

@Article{BringmannSaSt16,
  author   = {Bringmann, Karl and Sauerwald, Thomas and Stauffer, Alexandre and Sun, He},
  title    = {Balls into bins via local search: Cover time and maximum load},
  journal  = {Random Structures \& Algorithms},
  year     = {2016},
  volume   = {48},
  number   = {4},
  pages    = {681--702},
  issn     = {1098-2418},
  doi      = {10.1002/rsa.20602},
  keywords = {balls-into-bins, load balancing, stochastic process, local search}}

@InProceedings{BerenbrinkFrKl16,
  author    = {Berenbrink, Petra and Friedetzky, Tom and Kling, Peter and Mallmann-Trenn, Frederik and Nagel, Lars and Wastell, Christopher},
  title     = {Self-stabilizing Balls \& Bins in Batches: The Power of Leaky Bins [Extended Abstract]},
  booktitle = {PODC},
  year      = {2016},
  pages     = {83--92},
  doi       = {10.1145/2933057.2933092},
  keywords  = {balls and bins, dynamic system, load balancing, markov chains, self-stabilization}
}

@Article{Park17,
  author        = {Park, Gahyun},
  title         = {A Generalization of Multiple Choice Balls-into-Bins: Tight Bounds},
  journal       = {Algorithmica},
  year          = {2017},
  volume        = {77},
  number        = {4},
  pages         = {1159--1193},
  month         = {Apr},
  issn          = {1432-0541},
  __markedentry = {[rob:]},
  day           = {01},
  doi           = {10.1007/s00453-016-0141-z},
  url           = {http://dx.doi.org/10.1007/s00453-016-0141-z},
}

@Misc{WestZaWa16,
  author        = {West, R. and Zaroo, P. and Waldspurger, C.A. and Zhang, X. and Zheng, H.},
  title         = {Online computation of cache occupancy and performance},
  month         = jul #{~19},
  year          = {2016},
  note          = {US Patent 9,396,024},
  __markedentry = {[rob:6]},
  publisher     = {Google Patents}
}

@Comment{jabref-meta: databaseType:bibtex;}

@Comment{jabref-meta: fileDirectory:../related;}

@Comment{jabref-meta: fileDirectory-rob-debacle:../related;}


@inproceedings{Ghose:2013:IMS:2485922.2485930,
 author = {Ghose, Saugata and Lee, Hyodong and Mart\'{\i}nez, Jos{\'e} F.},
 title = {Improving Memory Scheduling via Processor-side Load Criticality Information},
 booktitle = {Proceedings of the 40th Annual International Symposium on Computer Architecture},
 series = {ISCA '13},
 year = {2013},
 isbn = {978-1-4503-2079-5},
 location = {Tel-Aviv, Israel},
 pages = {84--95},
 numpages = {12},
 url = {http://doi.acm.org/10.1145/2485922.2485930},
 doi = {10.1145/2485922.2485930},
 acmid = {2485930},
 publisher = {ACM},
 address = {New York, NY, USA},
} 

@article{Ghose:2013:IMS:2508148.2485930,
 author = {Ghose, Saugata and Lee, Hyodong and Mart\'{\i}nez, Jos{\'e} F.},
 title = {Improving Memory Scheduling via Processor-side Load Criticality Information},
 journal = {SIGARCH Comput. Archit. News},
 issue_date = {June 2013},
 volume = {41},
 number = {3},
 month = jun,
 year = {2013},
 issn = {0163-5964},
 pages = {84--95}
} 


@article{DBLP:journals/tpds/SubramanianLSRM16,
  author    = {Lavanya Subramanian and
               Donghyuk Lee and
               Vivek Seshadri and
               Harsha Rastogi and
               Onur Mutlu},
  title     = {{BLISS:} Balancing Performance, Fairness and Complexity in Memory
               Access Scheduling},
  journal   = {{IEEE} Trans. Parallel Distrib. Syst.},
  volume    = {27},
  number    = {10},
  pages     = {3071--3087},
  year      = {2016},
  url       = {https://doi.org/10.1109/TPDS.2016.2526003},
  doi       = {10.1109/TPDS.2016.2526003},
  timestamp = {Sat, 27 May 2017 14:23:26 +0200},
  biburl    = {http://dblp.org/rec/bib/journals/tpds/SubramanianLSRM16},
  bibsource = {dblp computer science bibliography, http://dblp.org}
}

@inproceedings{DBLP:conf/micro/EbrahimiMFLJMP11,
  author    = {Eiman Ebrahimi and
               Rustam Miftakhutdinov and
               Chris Fallin and
               Chang Joo Lee and
               Jos{\'{e}} A. Joao and
               Onur Mutlu and
               Yale N. Patt},
  title     = {Parallel application memory scheduling},
  booktitle = {44rd Annual {IEEE/ACM} International Symposium on Microarchitecture,
               {MICRO} 2011, Porto Alegre, Brazil, December 3-7, 2011},
  pages     = {362--373},
  year      = {2011},
  crossref  = {DBLP:conf/micro/2011},
  url       = {http://doi.acm.org/10.1145/2155620.2155663},
  doi       = {10.1145/2155620.2155663},
  timestamp = {Sun, 30 Apr 2017 09:41:46 +0200},
  biburl    = {http://dblp.org/rec/bib/conf/micro/EbrahimiMFLJMP11},
  bibsource = {dblp computer science bibliography, http://dblp.org}
}

@proceedings{DBLP:conf/micro/2011,
  editor    = {Carlo Galuzzi and
               Luigi Carro and
               Andreas Moshovos and
               Milos Prvulovic},
  title     = {44rd Annual {IEEE/ACM} International Symposium on Microarchitecture,
               {MICRO} 2011, Porto Alegre, Brazil, December 3-7, 2011},
  year      = {2011},
  url       = {http://dl.acm.org/citation.cfm?id=2155620},
  isbn      = {978-1-4503-1053-6},
  timestamp = {Fri, 17 Feb 2017 11:09:56 +0100},
  biburl    = {http://dblp.org/rec/bib/conf/micro/2011},
  bibsource = {dblp computer science bibliography, http://dblp.org}
}

@inproceedings{DBLP:conf/micro/KimPMH10,
  author    = {Yoongu Kim and
               Michael Papamichael and
               Onur Mutlu and
               Mor Harchol{-}Balter},
  title     = {Thread Cluster Memory Scheduling: Exploiting Differences in Memory
               Access Behavior},
  booktitle = {43rd Annual {IEEE/ACM} International Symposium on Microarchitecture,
               {MICRO} 2010, 4-8 December 2010, Atlanta, Georgia, {USA}},
  pages     = {65--76},
  year      = {2010},
  crossref  = {DBLP:conf/micro/2010},
  url       = {https://doi.org/10.1109/MICRO.2010.51},
  doi       = {10.1109/MICRO.2010.51},
  timestamp = {Sun, 21 May 2017 00:22:05 +0200},
  biburl    = {http://dblp.org/rec/bib/conf/micro/KimPMH10},
  bibsource = {dblp computer science bibliography, http://dblp.org}
}

@proceedings{DBLP:conf/micro/2010,
  title     = {43rd Annual {IEEE/ACM} International Symposium on Microarchitecture,
               {MICRO} 2010, 4-8 December 2010, Atlanta, Georgia, {USA}},
  publisher = {{IEEE} Computer Society},
  year      = {2010},
  url       = {http://ieeexplore.ieee.org/xpl/mostRecentIssue.jsp?punumber=5692847},
  isbn      = {978-0-7695-4299-7},
  timestamp = {Thu, 18 Sep 2014 16:58:22 +0200},
  biburl    = {http://dblp.org/rec/bib/conf/micro/2010},
  bibsource = {dblp computer science bibliography, http://dblp.org}
}

@article{Rixner:2000:MAS:342001.339668,
 author = {Rixner, Scott and Dally, William J. and Kapasi, Ujval J. and Mattson, Peter and Owens, John D.},
 title = {Memory Access Scheduling},
 journal = {SIGARCH Comput. Archit. News},
 issue_date = {May 2000},
 volume = {28},
 number = {2},
 month = may,
 year = {2000},
 issn = {0163-5964},
 pages = {128--138},
 url = {http://doi.acm.org/10.1145/342001.339668}
} 


@article{mutlu2014research,
  title={Research problems and opportunities in memory systems},
  author={Mutlu, Onur and Subramanian, Lavanya},
  journal={Supercomputing frontiers and innovations},
  volume={1},
  number={3},
  pages={19--55},
  year={2014},
  publisher={Федеральное государственное бюджетное образовательное учреждение высшего профессионального образования Южно-Уральский государственный университет (национальный исследовательский университет)}
}


@article{farach-Colton:2009,
 author = {Farach-Colton, Martin and Fernandes, Rohan J. and Mosteiro, Miguel A.},
 title = {Bootstrapping a Hop-optimal Network in the Weak Sensor Model},
 journal = {ACM Trans. Algorithms},
 issue_date = {October 2009},
 volume = {5},
 number = {4},
 month = nov,
 year = {2009},
 issn = {1549-6325},
 pages = {37:1--37:30},
 articleno = {37},
 numpages = {30},
 url = {http://doi.acm.org/10.1145/1597036.1597040},
 doi = {10.1145/1597036.1597040},
 acmid = {1597040},
 publisher = {ACM},
 address = {New York, NY, USA},
 keywords = {Ad hoc network, contention resolution, maximal independent set, radio network, random geometric graphs, sensor network, weak sensor model},
} 

@inproceedings{esmet2012tokufs,
  title={The TokuFS streaming file system},
  author={Esmet, John and Bender, Michael A and Farach-Colton, Martin and Kuszmaul, Bradley C},
  booktitle={Hot Storage '12}
}




@InProceedings{benderadaptivebloom,
  author    = {Bender, Michael A.  and  Farach-Colton, Martin and Gowami, Mayank and Johnson, Rob and McCauley, Samuel and Singh, Shikha},
  title     = {Bloom Filters, Adaptivity, and the Dictionary Problem},
  booktitle = {FOCS '18},
}

@InProceedings{conway_et_al:LIPIcs:2018:9043,
  author =	{Alex Conway and Mart{\'i}n Farach-Colton and Philip Shilane},
  title =	{{Optimal Hashing in External Memory}},
  booktitle =	{ICALP '18},
  annote =	{Keywords: hash tables, external memory algorthims, cache-oblivious algorithms, asymmetric data structures}
}

@inproceedings{bender2017write,
  title={Write-Optimized Skip Lists},
  author={Bender, Michael A and Farach-Colton, Mart{\'\i}n and Johnson, Rob and Mauras, Simon and Mayer, Tyler and Phillips, Cynthia A and Xu, Helen},
  booktitle={SIGMOD '17},
  organization={ACM}
}