@phdthesis{mitzenmacher1996power,
  title={The Power of Two Choices in Randomized Load Balancing},
  author={Mitzenmacher, Michael David},
  year={1996},
  school={Citeseer}
}


@article{deheuvels1984strong,
  title={Strong laws for the maximal k-spacing when k≦ c log n},
  author={Deheuvels, Paul and Devroye, Luc},
  journal={Zeitschrift f{\"u}r Wahrscheinlichkeitstheorie und Verwandte Gebiete},
  volume={66},
  number={3},
  pages={315--334},
  year={1984}
}

@online{facebookbuffer,
	title={Something awesome in {InnoDB} -- the insert buffer},
	author={Mark Callaghan},
	howpublished = {\url{https://www.facebook.com/notes/mysql-at-facebook/something-awesome-in-innodb-the-insert-buffer/492969385932/}},
	year={2011}
}

@online{facebookinsert,
	title={An obscure performance problem with the insert buffer},
	author={Mark Callaghan},
	howpublished = {\url{https://www.facebook.com/notes/mysql-at-facebook/an-obscure-performance-problem-with-the-insert-buffer/479735920932/}},
	year={2010}
}



@online{sap,
title={RLV Data Store for Write-Optimized Storage},
author={SAP},
howpublished={\url{http://help-legacy.sap.com/saphelp_iq1611_iqnfs/helpdata/en/a3/13783784f21015bf03c9b06ad16fc0/content.htm}},
year={2017}
}

@online{vertica,
title={WOS (Write Optimized Store)},
author={Vertica},
howpublished={\url{https://my.vertica.com/docs/7.1.x/HTML/Content/Authoring/Glossary/WOSWriteOptimizedStore.htm}},
year={2017}
}

@online{oracle,
title={Tuning the Database Buffer Cache},
author={Oracle},
howpublished={\url{https://docs.oracle.com/database/121/TGDBA/tune_buffer_cache.htm#TGDBA294}},
year={2017}
}


@online{db2,
title={Buffered inserts in partitioned database environments},
author={IBM},
howpublished={\url{https://www.ibm.com/support/knowledgecenter/SSEPGG_10.5.0/com.ibm.db2.luw.apdv.embed.doc/doc/c0061906.html}},
year={2017}
}


@online{hbase,
title={Apache HBase Write Path},
author={Jimmy Xiang},
howpublished={\url{http://blog.cloudera.com/blog/2012/06/hbase-write-path/}},
year={2012}
}

@online{hudb,
title={NuDB: A fast key/value insert-only database for SSD drives in C++11},
author={NuDB},
howpublished={\url{https://github.com/vinniefalco/NuDB}},
year={2016}
}

@online{azure,
title={How to use batching to improve SQL Database application performance},
author={Microsoft Azure},
howpublished={\url{https://docs.microsoft.com/en-us/azure/sql-database/sql-database-use-batching-to-improve-performance}},
year={2016}
}

@online{informix,
title={Understanding SQL insert cursors},
author={IBM Informix},
url={https://www.ibm.com/support/knowledgecenter/en/SSBJG3_2.5.0/com.ibm.gen_busug.doc/c_fgl_InsertCursors_002.htm}},
year={2017}
}

@INPROCEEDINGS{canim10bufferedbloom,
    author = {Mustafa Canim and Christian A. Lang and George A. Mihaila and Kenneth A. Ross},
    title = {Buffered Bloom filters on solid state storage},
    booktitle = {In First Intl. Workshop on Accelerating Data Management Systems Using Modern Processor and Storage Architectures (ADMS*10},
    year = {2010}
}

@article{BenderFaJo12,
	author        = "Michael A. Bender and Martin Farach-Colton and Rob Johnson and Russell Kraner and Bradley C. Kuszmaul and Dzejla Medjedovic and Pablo Montes and Pradeep Shetty and Richard P. Spillane and Erez Zadok",
	ee            = "http://vldb.org/pvldb/vol5/p1627_michaelabender_vldb2012.pdf",
	journal       = "{PVLDB}",
	number        = 11,
	pages         = "1627--1637",
	title         = "{Don’t Thrash: How to Cache Your Hash on Flash}",
	volume        = 5,
	year          = 2012,
}


@InProceedings{BrodalFa03b
 ,author       = {Gerth St{\o}lting Brodal and Rolf Fagerberg}
 ,title        = {Lower Bounds for External Memory Dictionaries}
 ,booktitle = {Proceedings of the Fourteenth Annual ACM-SIAM Symposium on Discrete Algorithms (SODA)}
 ,year      = 2003
 ,pages       = {546--554}
 }

@misc{Tokutek14,
        Author = {{Tokutek, Inc.}},
        Key = {tokutek},
        Note = {\url{http://www.tokutek.com}},
        Title = {{TokuDB} and {TokuMX}},
        Url = {http://www.tokutek.com},
        Year = {2014}}

@misc{InnoDB,
        Author = {{Oracle, Inc.}},
        Key = {innodb},
        Title = {Introduction to InnoDB},
        Note = {\url{https://dev.mysql.com/doc/refman/5.6/en/innodb-introduction.html}},
        Url = {https://dev.mysql.com/doc/refman/5.6/en/innodb-introduction.html},
        Year = {2017}}

@misc{MySQL,
        Author = {{Oracle, Inc.}},
        Key = {mysql},
        Note = {\url{https://www.mysql.com}},
        Title = {{MySQL}},
        Url = {https://www.mysql.com},
        Year = {2017}}

@misc{MariaDB,
        Author = {{MariaDB} {Foundation}},
        Key = {mariadb},
        Note = {\url{https://mariadb.org}},
        Title = {{MariaDB Foundation}},
        Url = {https://mariadb.org},
        Year = {2017}}



@InProceedings{BenderFaFi07,
  author = {Michael A. Bender and Martin Farach-Colton and Jeremy T. Fineman and
 Yonatan Fogel
            and Bradley Kuszmaul and Jelani Nelson},
  title = {Cache-Oblivious Streaming {B}-trees},
  booktitle = {Proceedings of the 19th ACM Symposium on Parallelism in
               Algorithms and Architectures (SPAA)},
  year = 2007,
  pages = {81--92}
}

@article{o1996log,
  title={The log-structured merge-tree (LSM-tree)},
  author={O’Neil, Patrick and Cheng, Edward and Gawlick, Dieter and O’Neil, Elizabeth},
  journal={Acta Informatica},
  volume={33},
  number={4},
  pages={351--385},
  year={1996}
}


@inproceedings{BrodalDeFi10,
 author = {Brodal, Gerth St{\o}lting and Demaine, Erik D. and Fineman, Jeremy T. and Iacono, John and Langerman, Stefan and Munro, J. Ian},
 title = {Cache-oblivious Dynamic Dictionaries with Update/Query Tradeoffs},
 booktitle = {Proceedings of the Twenty-first Annual ACM-SIAM Symposium on Discrete Algorithms (SODA)},
 year = {2010},
 pages = {1448--1456}
}


