@inproceedings{DBLP:conf/spaa/BlellochFGGS15,
  author    = {Guy E. Blelloch and
               Jeremy T. Fineman and
               Phillip B. Gibbons and
               Yan Gu and
               Julian Shun},
  editor    = {Guy E. Blelloch and
               Kunal Agrawal},
  title     = {Sorting with Asymmetric Read and Write Costs},
  booktitle = {Proceedings of the 27th {ACM} on Symposium on Parallelism in Algorithms
               and Architectures, {SPAA} 2015, Portland, OR, USA, June 13-15, 2015},
  pages     = {1--12},
  publisher = {{ACM}},
  year      = {2015},
  url       = {https://doi.org/10.1145/2755573.2755604},
  doi       = {10.1145/2755573.2755604},
  timestamp = {Wed, 21 Nov 2018 11:19:11 +0100},
  biburl    = {https://dblp.org/rec/conf/spaa/BlellochFGGS15.bib},
  bibsource = {dblp computer science bibliography, https://dblp.org}
}

@misc{wiki:Thomae's_function,
   author = "Wikipedia",
   title = "{Thomae's function} --- {W}ikipedia{,} The Free Encyclopedia",
   year = "2018",
   howpublished = {\url{http://en.wikipedia.org/w/index.php?title=Thomae's\%20function&oldid=837510765}},
   note = "[Online; accessed 28-April-2018]"
 }

@inproceedings{DBLP:conf/focs/FrigoLPR99,
  author    = {Matteo Frigo and
               Charles E. Leiserson and
               Harald Prokop and
               Sridhar Ramachandran},
  title     = {Cache-Oblivious Algorithms},
  booktitle = {40th Annual Symposium on Foundations of Computer Science, {FOCS} '99,
               17-18 October, 1999, New York, NY, {USA}},
  pages     = {285--298},
  year      = {1999},
  crossref  = {DBLP:conf/focs/1999},
  url       = {https://doi.org/10.1109/SFFCS.1999.814600},
  doi       = {10.1109/SFFCS.1999.814600},
  timestamp = {Fri, 19 May 2017 01:25:59 +0200},
  biburl    = {http://dblp.org/rec/bib/conf/focs/FrigoLPR99},
  bibsource = {dblp computer science bibliography, http://dblp.org}
}

@proceedings{DBLP:conf/focs/1999,
  title     = {40th Annual Symposium on Foundations of Computer Science, {FOCS} '99,
               17-18 October, 1999, New York, NY, {USA}},
  publisher = {{IEEE} Computer Society},
  year      = {1999},
  url       = {http://ieeexplore.ieee.org/xpl/mostRecentIssue.jsp?punumber=6604},
  isbn      = {0-7695-0409-4},
  timestamp = {Mon, 15 Dec 2014 18:48:45 +0100},
  biburl    = {http://dblp.org/rec/bib/conf/focs/1999},
  bibsource = {dblp computer science bibliography, http://dblp.org}
}

@inproceedings{DBLP:conf/soda/BrodalF03,
  author    = {Gerth St{\o}lting Brodal and
               Rolf Fagerberg},
  title     = {Lower bounds for external memory dictionaries},
  booktitle = {Proceedings of the Fourteenth Annual {ACM-SIAM} Symposium on Discrete
               Algorithms, January 12-14, 2003, Baltimore, Maryland, {USA.}},
  pages     = {546--554},
  year      = {2003},
  crossref  = {DBLP:conf/soda/2003},
  url       = {http://dl.acm.org/citation.cfm?id=644108.644201},
  timestamp = {Fri, 07 Dec 2012 17:02:08 +0100},
  biburl    = {http://dblp.org/rec/bib/conf/soda/BrodalF03},
  bibsource = {dblp computer science bibliography, http://dblp.org}
}

@proceedings{DBLP:conf/soda/2003,
  title     = {Proceedings of the Fourteenth Annual {ACM-SIAM} Symposium on Discrete
               Algorithms, January 12-14, 2003, Baltimore, Maryland, {USA}},
  publisher = {{ACM/SIAM}},
  year      = {2003},
  url       = {http://dl.acm.org/citation.cfm?id=644108},
  isbn      = {0-89871-538-5},
  timestamp = {Fri, 07 Dec 2012 17:02:08 +0100},
  biburl    = {http://dblp.org/rec/bib/conf/soda/2003},
  bibsource = {dblp computer science bibliography, http://dblp.org}
}

@inproceedings{DBLP:conf/pods/BenderFJMMPX17,
  author    = {Michael A. Bender and
               Martin Farach{-}Colton and
               Rob Johnson and
               Simon Mauras and
               Tyler Mayer and
               Cynthia A. Phillips and
               Helen Xu},
  title     = {Write-Optimized Skip Lists},
  booktitle = {Proceedings of the 36th {ACM} {SIGMOD-SIGACT-SIGAI} Symposium on Principles
               of Database Systems, {PODS} 2017, Chicago, IL, USA, May 14-19, 2017},
  pages     = {69--78},
  year      = {2017},
  crossref  = {DBLP:conf/pods/2017},
  url       = {http://doi.acm.org/10.1145/3034786.3056117},
  doi       = {10.1145/3034786.3056117},
  timestamp = {Wed, 10 May 2017 22:16:36 +0200},
  biburl    = {http://dblp.org/rec/bib/conf/pods/BenderFJMMPX17},
  bibsource = {dblp computer science bibliography, http://dblp.org}
}

@proceedings{DBLP:conf/pods/2017,
  editor    = {Emanuel Sallinger and
               Jan Van den Bussche and
               Floris Geerts},
  title     = {Proceedings of the 36th {ACM} {SIGMOD-SIGACT-SIGAI} Symposium on Principles
               of Database Systems, {PODS} 2017, Chicago, IL, USA, May 14-19, 2017},
  publisher = {{ACM}},
  year      = {2017},
  url       = {http://dl.acm.org/citation.cfm?id=3034786},
  isbn      = {978-1-4503-4198-1},
  timestamp = {Wed, 10 May 2017 22:15:48 +0200},
  biburl    = {http://dblp.org/rec/bib/conf/pods/2017},
  bibsource = {dblp computer science bibliography, http://dblp.org}
}

@inproceedings{DBLP:conf/spaa/BenderFFFKN07,
  author    = {Michael A. Bender and
               Martin Farach{-}Colton and
               Jeremy T. Fineman and
               Yonatan R. Fogel and
               Bradley C. Kuszmaul and
               Jelani Nelson},
  title     = {Cache-oblivious streaming B-trees},
  booktitle = {{SPAA} 2007: Proceedings of the 19th Annual {ACM} Symposium on Parallelism
               in Algorithms and Architectures, San Diego, California, USA, June
               9-11, 2007},
  pages     = {81--92},
  year      = {2007},
  crossref  = {DBLP:conf/spaa/2007},
  url       = {http://doi.acm.org/10.1145/1248377.1248393},
  doi       = {10.1145/1248377.1248393},
  timestamp = {Thu, 23 Jun 2016 15:53:29 +0200},
  biburl    = {http://dblp.org/rec/bib/conf/spaa/BenderFFFKN07},
  bibsource = {dblp computer science bibliography, http://dblp.org}
}

@proceedings{DBLP:conf/spaa/2007,
  editor    = {Phillip B. Gibbons and
               Christian Scheideler},
  title     = {{SPAA} 2007: Proceedings of the 19th Annual {ACM} Symposium on Parallelism
               in Algorithms and Architectures, San Diego, California, USA, June
               9-11, 2007},
  publisher = {{ACM}},
  year      = {2007},
  isbn      = {978-1-59593-667-7},
  timestamp = {Thu, 23 Jun 2016 15:53:29 +0200},
  biburl    = {http://dblp.org/rec/bib/conf/spaa/2007},
  bibsource = {dblp computer science bibliography, http://dblp.org}
}

@article{DBLP:journals/pvldb/BenderFJKKMMSSZ12,
  author    = {Michael A. Bender and
               Martin Farach{-}Colton and
               Rob Johnson and
               Russell Kraner and
               Bradley C. Kuszmaul and
               Dzejla Medjedovic and
               Pablo Montes and
               Pradeep Shetty and
               Richard P. Spillane and
               Erez Zadok},
  title     = {Don't Thrash: How to Cache Your Hash on Flash},
  journal   = {{PVLDB}},
  volume    = {5},
  number    = {11},
  pages     = {1627--1637},
  year      = {2012},
  url       = {http://vldb.org/pvldb/vol5/p1627_michaelabender_vldb2012.pdf},
  timestamp = {Fri, 17 Aug 2012 08:48:54 +0200},
  biburl    = {http://dblp.org/rec/bib/journals/pvldb/BenderFJKKMMSSZ12},
  bibsource = {dblp computer science bibliography, http://dblp.org}
}

@inproceedings{DBLP:conf/esa/BenderCDF02,
  author    = {Michael A. Bender and
               Richard Cole and
               Erik D. Demaine and
               Martin Farach{-}Colton},
  title     = {Scanning and Traversing: Maintaining Data for Traversals in a Memory
               Hierarchy},
  booktitle = {Algorithms - {ESA} 2002, 10th Annual European Symposium, Rome, Italy,
               September 17-21, 2002, Proceedings},
  pages     = {139--151},
  year      = {2002},
  crossref  = {DBLP:conf/esa/2002},
  url       = {https://doi.org/10.1007/3-540-45749-6_16},
  doi       = {10.1007/3-540-45749-6_16},
  timestamp = {Fri, 26 May 2017 14:09:14 +0200},
  biburl    = {http://dblp.org/rec/bib/conf/esa/BenderCDF02},
  bibsource = {dblp computer science bibliography, http://dblp.org}
}

@proceedings{DBLP:conf/esa/2002,
  editor    = {Rolf H. M{\"{o}}hring and
               Rajeev Raman},
  title     = {Algorithms - {ESA} 2002, 10th Annual European Symposium, Rome, Italy,
               September 17-21, 2002, Proceedings},
  series    = {Lecture Notes in Computer Science},
  volume    = {2461},
  publisher = {Springer},
  year      = {2002},
  url       = {https://doi.org/10.1007/3-540-45749-6},
  doi       = {10.1007/3-540-45749-6},
  isbn      = {3-540-44180-8},
  timestamp = {Fri, 26 May 2017 14:09:14 +0200},
  biburl    = {http://dblp.org/rec/bib/conf/esa/2002},
  bibsource = {dblp computer science bibliography, http://dblp.org}
}

@inproceedings{DBLP:conf/esa/BenderFGMMT14,
  author    = {Michael A. Bender and
               Martin Farach{-}Colton and
               Mayank Goswami and
               Dzejla Medjedovic and
               Pablo Montes and
               Meng{-}Tsung Tsai},
  title     = {The Batched Predecessor Problem in External Memory},
  booktitle = {Algorithms - {ESA} 2014 - 22th Annual European Symposium, Wroclaw,
               Poland, September 8-10, 2014. Proceedings},
  pages     = {112--124},
  year      = {2014},
  crossref  = {DBLP:conf/esa/2014},
  url       = {https://doi.org/10.1007/978-3-662-44777-2_10},
  doi       = {10.1007/978-3-662-44777-2_10},
  timestamp = {Fri, 02 Jun 2017 20:49:31 +0200},
  biburl    = {http://dblp.org/rec/bib/conf/esa/BenderFGMMT14},
  bibsource = {dblp computer science bibliography, http://dblp.org}
}

@proceedings{DBLP:conf/esa/2014,
  editor    = {Andreas S. Schulz and
               Dorothea Wagner},
  title     = {Algorithms - {ESA} 2014 - 22th Annual European Symposium, Wroclaw,
               Poland, September 8-10, 2014. Proceedings},
  series    = {Lecture Notes in Computer Science},
  volume    = {8737},
  publisher = {Springer},
  year      = {2014},
  url       = {https://doi.org/10.1007/978-3-662-44777-2},
  doi       = {10.1007/978-3-662-44777-2},
  isbn      = {978-3-662-44776-5},
  timestamp = {Fri, 26 May 2017 00:49:36 +0200},
  biburl    = {http://dblp.org/rec/bib/conf/esa/2014},
  bibsource = {dblp computer science bibliography, http://dblp.org}
}

@inproceedings{DBLP:conf/soda/AfshaniBFFGT17,
  author    = {Peyman Afshani and
               Michael A. Bender and
               Martin Farach{-}Colton and
               Jeremy T. Fineman and
               Mayank Goswami and
               Meng{-}Tsung Tsai},
  title     = {Cross-Referenced Dictionaries and the Limits of Write Optimization},
  booktitle = {Proceedings of the Twenty-Eighth Annual {ACM-SIAM} Symposium on Discrete
               Algorithms, {SODA} 2017, Barcelona, Spain, Hotel Porta Fira, January
               16-19},
  pages     = {1523--1532},
  year      = {2017},
  crossref  = {DBLP:conf/soda/2017},
  url       = {https://doi.org/10.1137/1.9781611974782.99},
  doi       = {10.1137/1.9781611974782.99},
  timestamp = {Wed, 24 May 2017 08:31:21 +0200},
  biburl    = {http://dblp.org/rec/bib/conf/soda/AfshaniBFFGT17},
  bibsource = {dblp computer science bibliography, http://dblp.org}
}

@proceedings{DBLP:conf/soda/2017,
  editor    = {Philip N. Klein},
  title     = {Proceedings of the Twenty-Eighth Annual {ACM-SIAM} Symposium on Discrete
               Algorithms, {SODA} 2017, Barcelona, Spain, Hotel Porta Fira, January
               16-19},
  publisher = {{SIAM}},
  year      = {2017},
  url       = {https://doi.org/10.1137/1.9781611974782},
  doi       = {10.1137/1.9781611974782},
  isbn      = {978-1-61197-478-2},
  timestamp = {Wed, 24 May 2017 08:31:21 +0200},
  biburl    = {http://dblp.org/rec/bib/conf/soda/2017},
  bibsource = {dblp computer science bibliography, http://dblp.org}
}

@article{DBLP:journals/siamdm/SchmidtSS95,
  author    = {Jeanette P. Schmidt and
               Alan Siegel and
               Aravind Srinivasan},
  title     = {Chernoff-Hoeffding Bounds for Applications with Limited Independence},
  journal   = {{SIAM} J. Discrete Math.},
  volume    = {8},
  number    = {2},
  pages     = {223--250},
  year      = {1995},
  url       = {https://doi.org/10.1137/S089548019223872X},
  doi       = {10.1137/S089548019223872X},
  timestamp = {Fri, 26 May 2017 22:54:48 +0200},
  biburl    = {https://dblp.org/rec/bib/journals/siamdm/SchmidtSS95},
  bibsource = {dblp computer science bibliography, https://dblp.org}
}

@inproceedings{DBLP:conf/soda/IaconoP12,
  author    = {John Iacono and
               Mihai Patrascu},
  title     = {Using hashing to solve the dictionary problem},
  booktitle = {Proceedings of the Twenty-Third Annual {ACM-SIAM} Symposium on Discrete
               Algorithms, {SODA} 2012, Kyoto, Japan, January 17-19, 2012},
  pages     = {570--582},
  year      = {2012},
  crossref  = {DBLP:conf/soda/2012},
  url       = {http://portal.acm.org/citation.cfm?id=2095164&amp;CFID=63838676&amp;CFTOKEN=79617016},
  timestamp = {Wed, 24 May 2017 08:31:21 +0200},
  biburl    = {http://dblp.org/rec/bib/conf/soda/IaconoP12},
  bibsource = {dblp computer science bibliography, http://dblp.org}
}

@proceedings{DBLP:conf/soda/2012,
  editor    = {Yuval Rabani},
  title     = {Proceedings of the Twenty-Third Annual {ACM-SIAM} Symposium on Discrete
               Algorithms, {SODA} 2012, Kyoto, Japan, January 17-19, 2012},
  publisher = {{SIAM}},
  year      = {2012},
  url       = {https://doi.org/10.1137/1.9781611973099},
  doi       = {10.1137/1.9781611973099},
  isbn      = {978-1-61197-210-8},
  timestamp = {Wed, 24 May 2017 08:31:21 +0200},
  biburl    = {http://dblp.org/rec/bib/conf/soda/2012},
  bibsource = {dblp computer science bibliography, http://dblp.org}
}

@article{DBLP:journals/cacm/Bloom70,
  author    = {Burton H. Bloom},
  title     = {Space/Time Trade-offs in Hash Coding with Allowable Errors},
  journal   = {Commun. {ACM}},
  volume    = {13},
  number    = {7},
  pages     = {422--426},
  year      = {1970},
  url       = {http://doi.acm.org/10.1145/362686.362692},
  doi       = {10.1145/362686.362692},
  timestamp = {Tue, 07 Jun 2011 16:50:32 +0200},
  biburl    = {https://dblp.org/rec/bib/journals/cacm/Bloom70},
  bibsource = {dblp computer science bibliography, https://dblp.org}
}

@inproceedings{DBLP:conf/hotstorage/EsmetBFK12,
  author    = {John Esmet and
               Michael A. Bender and
               Martin Farach{-}Colton and
               Bradley C. Kuszmaul},
  editor    = {Raju Rangaswami},
  title     = {The TokuFS Streaming File System},
  booktitle = {4th {USENIX} Workshop on Hot Topics in Storage and File Systems, HotStorage'12,
               Boston, MA, USA, June 13-14, 2012},
  publisher = {{USENIX} Association},
  year      = {2012},
  url       = {https://www.usenix.org/conference/hotstorage12/workshop-program/presentation/esmet},
  timestamp = {Wed, 04 Jul 2018 13:06:34 +0200},
  biburl    = {https://dblp.org/rec/conf/hotstorage/EsmetBFK12.bib},
  bibsource = {dblp computer science bibliography, https://dblp.org}
}

@inproceedings{DBLP:conf/hotstorage/JannenBFJKP16,
  author    = {William Jannen and
               Michael A. Bender and
               Martin Farach{-}Colton and
               Rob Johnson and
               Bradley C. Kuszmaul and
               Donald E. Porter},
  editor    = {Nitin Agrawal and
               Sam H. Noh},
  title     = {Lazy Analytics: Let Other Queries Do the Work For You},
  booktitle = {8th {USENIX} Workshop on Hot Topics in Storage and File Systems, HotStorage
               2016, Denver, CO, USA, June 20-21, 2016},
  publisher = {{USENIX} Association},
  year      = {2016},
  url       = {https://www.usenix.org/conference/hotstorage16/workshop-program/presentation/jannen},
  timestamp = {Wed, 02 Oct 2019 08:13:41 +0200},
  biburl    = {https://dblp.org/rec/conf/hotstorage/JannenBFJKP16.bib},
  bibsource = {dblp computer science bibliography, https://dblp.org}
}

@inproceedings{DBLP:conf/pods/BenderBJKMPSSZ16:set,
  author    = {Michael A. Bender and
               Jonathan W. Berry and
               Rob Johnson and
               Thomas M. Kroeger and
               Samuel McCauley and
               Cynthia A. Phillips and
               Bertrand Simon and
               Shikha Singh and
               David Zage},
  editor    = {Tova Milo and
               Wang{-}Chiew Tan},
  title     = {Anti-Persistence on Persistent Storage: History-Independent Sparse
               Tables and Dictionaries},
  booktitle = {Proceedings of the 35th {ACM} {SIGMOD-SIGACT-SIGAI} Symposium on Principles
               of Database Systems, {PODS} 2016, San Francisco, CA, USA, June 26
               - July 01, 2016},
  pages     = {289--302},
  publisher = {{ACM}},
  year      = {2016},
  url       = {https://doi.org/10.1145/2902251.2902276},
  doi       = {10.1145/2902251.2902276},
  timestamp = {Tue, 06 Nov 2018 16:58:02 +0100},
  biburl    = {https://dblp.org/rec/conf/pods/BenderBJKMPSSZ16.bib},
  bibsource = {dblp computer science bibliography, https://dblp.org}
}

@inproceedings{DBLP:conf/icalp/ConwayFS18,
  author    = {Alexander Conway and
               Martin Farach{-}Colton and
               Philip Shilane},
  editor    = {Ioannis Chatzigiannakis and
               Christos Kaklamanis and
               D{\'{a}}niel Marx and
               Donald Sannella},
  title     = {Optimal Hashing in External Memory},
  booktitle = {45th International Colloquium on Automata, Languages, and Programming,
               {ICALP} 2018, July 9-13, 2018, Prague, Czech Republic},
  series    = {LIPIcs},
  volume    = {107},
  pages     = {39:1--39:14},
  publisher = {Schloss Dagstuhl - Leibniz-Zentrum f{\"{u}}r Informatik},
  year      = {2018},
  url       = {https://doi.org/10.4230/LIPIcs.ICALP.2018.39},
  doi       = {10.4230/LIPIcs.ICALP.2018.39},
  timestamp = {Tue, 11 Feb 2020 15:52:14 +0100},
  biburl    = {https://dblp.org/rec/conf/icalp/ConwayFS18.bib},
  bibsource = {dblp computer science bibliography, https://dblp.org}
}

@inproceedings{DBLP:conf/sigmod/DayanI18,
  author    = {Niv Dayan and
               Stratos Idreos},
  editor    = {Gautam Das and
               Christopher M. Jermaine and
               Philip A. Bernstein},
  title     = {Dostoevsky: Better Space-Time Trade-Offs for LSM-Tree Based Key-Value
               Stores via Adaptive Removal of Superfluous Merging},
  booktitle = {Proceedings of the 2018 International Conference on Management of
               Data, {SIGMOD} Conference 2018, Houston, TX, USA, June 10-15, 2018},
  pages     = {505--520},
  publisher = {{ACM}},
  year      = {2018},
  url       = {https://doi.org/10.1145/3183713.3196927},
  doi       = {10.1145/3183713.3196927},
  timestamp = {Wed, 21 Nov 2018 12:44:08 +0100},
  biburl    = {https://dblp.org/rec/conf/sigmod/DayanI18.bib},
  bibsource = {dblp computer science bibliography, https://dblp.org}
}

@inproceedings{DBLP:conf/fast/YaoWHZLXH19,
  author    = {Ting Yao and
               Jiguang Wan and
               Ping Huang and
               Yiwen Zhang and
               Zhiwen Liu and
               Changsheng Xie and
               Xubin He},
  editor    = {Arif Merchant and
               Hakim Weatherspoon},
  title     = {GearDB: {A} GC-free Key-Value Store on {HM-SMR} Drives with Gear Compaction},
  booktitle = {17th {USENIX} Conference on File and Storage Technologies, {FAST}
               2019, Boston, MA, February 25-28, 2019},
  pages     = {159--171},
  publisher = {{USENIX} Association},
  year      = {2019},
  url       = {https://www.usenix.org/conference/fast19/presentation/yao},
  timestamp = {Tue, 14 Jan 2020 12:49:39 +0100},
  biburl    = {https://dblp.org/rec/conf/fast/YaoWHZLXH19.bib},
  bibsource = {dblp computer science bibliography, https://dblp.org}
}

@article{DBLP:journals/tos/ZuoHW19,
  author    = {Pengfei Zuo and
               Yu Hua and
               Jie Wu},
  title     = {Level Hashing: {A} High-performance and Flexible-resizing Persistent
               Hashing Index Structure},
  journal   = {{TOS}},
  volume    = {15},
  number    = {2},
  pages     = {13:1--13:30},
  year      = {2019},
  url       = {https://doi.org/10.1145/3322096},
  doi       = {10.1145/3322096},
  timestamp = {Wed, 11 Mar 2020 08:40:35 +0100},
  biburl    = {https://dblp.org/rec/journals/tos/ZuoHW19.bib},
  bibsource = {dblp computer science bibliography, https://dblp.org}
}

@inproceedings{DBLP:conf/sosp/LepersBGZ19,
  author    = {Baptiste Lepers and
               Oana Balmau and
               Karan Gupta and
               Willy Zwaenepoel},
  editor    = {Tim Brecht and
               Carey Williamson},
  title     = {KVell: the design and implementation of a fast persistent key-value
               store},
  booktitle = {Proceedings of the 27th {ACM} Symposium on Operating Systems Principles,
               {SOSP} 2019, Huntsville, ON, Canada, October 27-30, 2019},
  pages     = {447--461},
  publisher = {{ACM}},
  year      = {2019},
  url       = {https://doi.org/10.1145/3341301.3359628},
  doi       = {10.1145/3341301.3359628},
  timestamp = {Tue, 19 Nov 2019 12:45:13 +0100},
  biburl    = {https://dblp.org/rec/conf/sosp/LepersBGZ19.bib},
  bibsource = {dblp computer science bibliography, https://dblp.org}
}

@inproceedings{DBLP:conf/sigmod/DayanI19,
  author    = {Niv Dayan and
               Stratos Idreos},
  editor    = {Peter A. Boncz and
               Stefan Manegold and
               Anastasia Ailamaki and
               Amol Deshpande and
               Tim Kraska},
  title     = {The Log-Structured Merge-Bush {\&} the Wacky Continuum},
  booktitle = {Proceedings of the 2019 International Conference on Management of
               Data, {SIGMOD} Conference 2019, Amsterdam, The Netherlands, June 30
               - July 5, 2019},
  pages     = {449--466},
  publisher = {{ACM}},
  year      = {2019},
  url       = {https://doi.org/10.1145/3299869.3319903},
  doi       = {10.1145/3299869.3319903},
  timestamp = {Sat, 22 Jun 2019 17:10:04 +0200},
  biburl    = {https://dblp.org/rec/conf/sigmod/DayanI19.bib},
  bibsource = {dblp computer science bibliography, https://dblp.org}
}

@inproceedings{DBLP:conf/sigmod/DayanAI17,
  author    = {Niv Dayan and
               Manos Athanassoulis and
               Stratos Idreos},
  editor    = {Semih Salihoglu and
               Wenchao Zhou and
               Rada Chirkova and
               Jun Yang and
               Dan Suciu},
  title     = {Monkey: Optimal Navigable Key-Value Store},
  booktitle = {Proceedings of the 2017 {ACM} International Conference on Management
               of Data, {SIGMOD} Conference 2017, Chicago, IL, USA, May 14-19, 2017},
  pages     = {79--94},
  publisher = {{ACM}},
  year      = {2017},
  url       = {https://doi.org/10.1145/3035918.3064054},
  doi       = {10.1145/3035918.3064054},
  timestamp = {Tue, 06 Nov 2018 11:07:37 +0100},
  biburl    = {https://dblp.org/rec/conf/sigmod/DayanAI17.bib},
  bibsource = {dblp computer science bibliography, https://dblp.org}
}

@inproceedings{DBLP:conf/sosp/RajuKCA17,
  author    = {Pandian Raju and
               Rohan Kadekodi and
               Vijay Chidambaram and
               Ittai Abraham},
  title     = {PebblesDB: Building Key-Value Stores using Fragmented Log-Structured
               Merge Trees},
  booktitle = {Proceedings of the 26th Symposium on Operating Systems Principles,
               Shanghai, China, October 28-31, 2017},
  pages     = {497--514},
  publisher = {{ACM}},
  year      = {2017},
  url       = {https://doi.org/10.1145/3132747.3132765},
  doi       = {10.1145/3132747.3132765},
  timestamp = {Tue, 06 Nov 2018 16:59:32 +0100},
  biburl    = {https://dblp.org/rec/conf/sosp/RajuKCA17.bib},
  bibsource = {dblp computer science bibliography, https://dblp.org}
}

@inproceedings{DBLP:conf/usenix/BalmauDGZYAGK17,
  author    = {Oana Balmau and
               Diego Didona and
               Rachid Guerraoui and
               Willy Zwaenepoel and
               Huapeng Yuan and
               Aashray Arora and
               Karan Gupta and
               Pavan Konka},
  editor    = {Dilma Da Silva and
               Bryan Ford},
  title     = {{TRIAD:} Creating Synergies Between Memory, Disk and Log in Log Structured
               Key-Value Stores},
  booktitle = {2017 {USENIX} Annual Technical Conference, {USENIX} {ATC} 2017, Santa
               Clara, CA, USA, July 12-14, 2017},
  pages     = {363--375},
  publisher = {{USENIX} Association},
  year      = {2017},
  url       = {https://www.usenix.org/conference/atc17/technical-sessions/presentation/balmau},
  timestamp = {Mon, 16 Jul 2018 15:47:23 +0200},
  biburl    = {https://dblp.org/rec/conf/usenix/BalmauDGZYAGK17.bib},
  bibsource = {dblp computer science bibliography, https://dblp.org}
}

@inproceedings{DBLP:conf/fast/KaiyrakhmetLNNC19,
  author    = {Olzhas Kaiyrakhmet and
               Songyi Lee and
               Beomseok Nam and
               Sam H. Noh and
               Young{-}ri Choi},
  editor    = {Arif Merchant and
               Hakim Weatherspoon},
  title     = {{SLM-DB:} Single-Level Key-Value Store with Persistent Memory},
  booktitle = {17th {USENIX} Conference on File and Storage Technologies, {FAST}
               2019, Boston, MA, February 25-28, 2019},
  pages     = {191--205},
  publisher = {{USENIX} Association},
  year      = {2019},
  url       = {https://www.usenix.org/conference/fast19/presentation/kaiyrakhmet},
  timestamp = {Mon, 11 Mar 2019 15:50:28 +0100},
  biburl    = {https://dblp.org/rec/conf/fast/KaiyrakhmetLNNC19.bib},
  bibsource = {dblp computer science bibliography, https://dblp.org}
}

@inproceedings{DBLP:conf/fast/KourtisIK19,
  author    = {Kornilios Kourtis and
               Nikolas Ioannou and
               Ioannis Koltsidas},
  editor    = {Arif Merchant and
               Hakim Weatherspoon},
  title     = {Reaping the performance of fast {NVM} storage with uDepot},
  booktitle = {17th {USENIX} Conference on File and Storage Technologies, {FAST}
               2019, Boston, MA, February 25-28, 2019},
  pages     = {1--15},
  publisher = {{USENIX} Association},
  year      = {2019},
  url       = {https://www.usenix.org/conference/fast19/presentation/kourtis},
  timestamp = {Mon, 11 Mar 2019 15:50:28 +0100},
  biburl    = {https://dblp.org/rec/conf/fast/KourtisIK19.bib},
  bibsource = {dblp computer science bibliography, https://dblp.org}
}

@inproceedings{DBLP:conf/usenix/PapagiannisSGB16,
  author    = {Anastasios Papagiannis and
               Giorgos Saloustros and
               Pilar Gonz{\'{a}}lez{-}F{\'{e}}rez and
               Angelos Bilas},
  editor    = {Ajay Gulati and
               Hakim Weatherspoon},
  title     = {Tucana: Design and Implementation of a Fast and Efficient Scale-up
               Key-value Store},
  booktitle = {2016 {USENIX} Annual Technical Conference, {USENIX} {ATC} 2016, Denver,
               CO, USA, June 22-24, 2016},
  pages     = {537--550},
  publisher = {{USENIX} Association},
  year      = {2016},
  url       = {https://www.usenix.org/conference/atc16/technical-sessions/presentation/papagiannis},
  timestamp = {Fri, 08 Jul 2016 13:33:39 +0200},
  biburl    = {https://dblp.org/rec/conf/usenix/PapagiannisSGB16.bib},
  bibsource = {dblp computer science bibliography, https://dblp.org}
}

@misc{bradleywhitepaper,
  title = {{Tokutek White Paper: A Comparison Of Log-Structured Merge (LSM) And Fractal Tree Indexing}},
  author = {Bredley Kuszmaul},
  year = {2014},
  url = {http://highscalability.com/blog/2014/8/6/tokutek-white-paper-a-comparison-of-log-structured-merge-lsm.html}
}

@misc{cassandra,
  title = {{Apache Cassandra}},
  author = {Apache Software Foundation},
  year = {2019},
  url = {http://cassandra.apache.org}
}

@misc{scylla,
  title = {{ScyllaDB: The real-time big data database}},
  author = {Scylla, Inc.},
  year = {2019},
  url = {https://www.scylladb.com}
}

@misc{facebook-rocksdb2018,
	title={RocksDB Github Wiki -- Performance Benchmarks},
	url={https://github.com/facebook/rocksdb/wiki/Performance-Benchmarks},
	author={Dhruba Borthakur},
	year={2013},
}

@inproceedings{DBLP:conf/eurosys/Golan-GuetaBHK15,
  author    = {Guy Golan{-}Gueta and
               Edward Bortnikov and
               Eshcar Hillel and
               Idit Keidar},
  editor    = {Laurent R{\'{e}}veill{\`{e}}re and
               Tim Harris and
               Maurice Herlihy},
  title     = {Scaling concurrent log-structured data stores},
  booktitle = {Proceedings of the Tenth European Conference on Computer Systems,
               EuroSys 2015, Bordeaux, France, April 21-24, 2015},
  pages     = {32:1--32:14},
  publisher = {{ACM}},
  year      = {2015},
  url       = {https://doi.org/10.1145/2741948.2741973},
  doi       = {10.1145/2741948.2741973},
  timestamp = {Wed, 14 Nov 2018 10:57:04 +0100},
  biburl    = {https://dblp.org/rec/conf/eurosys/Golan-GuetaBHK15.bib},
  bibsource = {dblp computer science bibliography, https://dblp.org}
}

@inproceedings{DBLP:conf/usenix/ChanLLX18,
  author    = {Helen H. W. Chan and
               Yongkun Li and
               Patrick P. C. Lee and
               Yinlong Xu},
  editor    = {Haryadi S. Gunawi and
               Benjamin Reed},
  title     = {HashKV: Enabling Efficient Updates in {KV} Storage via Hashing},
  booktitle = {2018 {USENIX} Annual Technical Conference, {USENIX} {ATC} 2018, Boston,
               MA, USA, July 11-13, 2018},
  pages     = {1007--1019},
  publisher = {{USENIX} Association},
  year      = {2018},
  url       = {https://www.usenix.org/conference/atc18/presentation/chan},
  timestamp = {Mon, 16 Jul 2018 15:48:02 +0200},
  biburl    = {https://dblp.org/rec/conf/usenix/ChanLLX18.bib},
  bibsource = {dblp computer science bibliography, https://dblp.org}
}

@misc{leveldb,
  title = {LevelDB},
  author = {Google, Inc.},
  year = 2019,
  url = {https://github.com/google/leveldb}
}

@inproceedings{DBLP:conf/usenix/WuXSJ15,
  author    = {Xingbo Wu and
               Yuehai Xu and
               Zili Shao and
               Song Jiang},
  editor    = {Shan Lu and
               Erik Riedel},
  title     = {LSM-trie: An LSM-tree-based Ultra-Large Key-Value Store for Small
               Data Items},
  booktitle = {2015 {USENIX} Annual Technical Conference, {USENIX} {ATC} '15, July
               8-10, Santa Clara, CA, {USA}},
  pages     = {71--82},
  publisher = {{USENIX} Association},
  year      = {2015},
  url       = {https://www.usenix.org/conference/atc15/technical-session/presentation/wu},
  timestamp = {Tue, 07 Jul 2015 09:25:47 +0200},
  biburl    = {https://dblp.org/rec/conf/usenix/WuXSJ15.bib},
  bibsource = {dblp computer science bibliography, https://dblp.org}
}

@article{DBLP:journals/tos/LuPGAA17,
  author    = {Lanyue Lu and
               Thanumalayan Sankaranarayana Pillai and
               Hariharan Gopalakrishnan and
               Andrea C. Arpaci{-}Dusseau and
               Remzi H. Arpaci{-}Dusseau},
  title     = {WiscKey: Separating Keys from Values in SSD-Conscious Storage},
  journal   = {{TOS}},
  volume    = {13},
  number    = {1},
  pages     = {5:1--5:28},
  year      = {2017},
  url       = {https://doi.org/10.1145/3033273},
  doi       = {10.1145/3033273},
  timestamp = {Tue, 06 Nov 2018 12:51:47 +0100},
  biburl    = {https://dblp.org/rec/journals/tos/LuPGAA17.bib},
  bibsource = {dblp computer science bibliography, https://dblp.org}
}

@inproceedings{DBLP:conf/usenix/MarmolSTR15,
  author    = {Leonardo M{\'{a}}rmol and
               Swaminathan Sundararaman and
               Nisha Talagala and
               Raju Rangaswami},
  editor    = {Shan Lu and
               Erik Riedel},
  title     = {{NVMKV:} {A} Scalable, Lightweight, FTL-aware Key-Value Store},
  booktitle = {2015 {USENIX} Annual Technical Conference, {USENIX} {ATC} '15, July
               8-10, Santa Clara, CA, {USA}},
  pages     = {207--219},
  publisher = {{USENIX} Association},
  year      = {2015},
  url       = {https://www.usenix.org/conference/atc15/technical-session/presentation/marmol},
  timestamp = {Fri, 08 Jul 2016 13:19:10 +0200},
  biburl    = {https://dblp.org/rec/conf/usenix/MarmolSTR15.bib},
  bibsource = {dblp computer science bibliography, https://dblp.org}
}

@inproceedings{DBLP:conf/fast/ShettySMASZ13,
  author    = {Pradeep Shetty and
               Richard P. Spillane and
               Ravikant Malpani and
               Binesh Andrews and
               Justin Seyster and
               Erez Zadok},
  editor    = {Keith A. Smith and
               Yuanyuan Zhou},
  title     = {Building workload-independent storage with VT-trees},
  booktitle = {Proceedings of the 11th {USENIX} conference on File and Storage Technologies,
               {FAST} 2013, San Jose, CA, USA, February 12-15, 2013},
  pages     = {17--30},
  publisher = {{USENIX}},
  year      = {2013},
  url       = {https://www.usenix.org/conference/fast13/technical-sessions/presentation/shetty},
  timestamp = {Wed, 04 Jul 2018 13:06:35 +0200},
  biburl    = {https://dblp.org/rec/conf/fast/ShettySMASZ13.bib},
  bibsource = {dblp computer science bibliography, https://dblp.org}
}

@inproceedings{DBLP:conf/cloud/VasudevanKA12,
  author    = {Vijay Vasudevan and
               Michael Kaminsky and
               David G. Andersen},
  editor    = {Michael J. Carey and
               Steven Hand},
  title     = {Using vector interfaces to deliver millions of {IOPS} from a networked
               key-value storage server},
  booktitle = {{ACM} Symposium on Cloud Computing, {SOCC} '12, San Jose, CA, USA,
               October 14-17, 2012},
  pages     = {8},
  publisher = {{ACM}},
  year      = {2012},
  url       = {https://doi.org/10.1145/2391229.2391237},
  doi       = {10.1145/2391229.2391237},
  timestamp = {Tue, 06 Nov 2018 11:07:34 +0100},
  biburl    = {https://dblp.org/rec/conf/cloud/VasudevanKA12.bib},
  bibsource = {dblp computer science bibliography, https://dblp.org}
}

@inproceedings{DBLP:conf/icalp/AggarwalV87,
  author    = {Alok Aggarwal and
               Jeffrey Scott Vitter},
  editor    = {Thomas Ottmann},
  title     = {The {I/O} Complexity of Sorting and Related Problems (Extended Abstract)},
  booktitle = {Automata, Languages and Programming, 14th International Colloquium,
               ICALP87, Karlsruhe, Germany, July 13-17, 1987, Proceedings},
  series    = {Lecture Notes in Computer Science},
  volume    = {267},
  pages     = {467--478},
  publisher = {Springer},
  year      = {1987},
  url       = {https://doi.org/10.1007/3-540-18088-5\_40},
  doi       = {10.1007/3-540-18088-5\_40},
  timestamp = {Tue, 14 May 2019 10:00:44 +0200},
  biburl    = {https://dblp.org/rec/conf/icalp/AggarwalV87.bib},
  bibsource = {dblp computer science bibliography, https://dblp.org}
}

@inproceedings{DBLP:conf/usenix/HuangPMS0B18,
  author    = {Yihe Huang and
               Matej Pavlovic and
               Virendra J. Marathe and
               Margo Seltzer and
               Tim Harris and
               Steve Byan},
  editor    = {Haryadi S. Gunawi and
               Benjamin Reed},
  title     = {Closing the Performance Gap Between Volatile and Persistent Key-Value
               Stores Using Cross-Referencing Logs},
  booktitle = {2018 {USENIX} Annual Technical Conference, {USENIX} {ATC} 2018, Boston,
               MA, USA, July 11-13, 2018},
  pages     = {967--979},
  publisher = {{USENIX} Association},
  year      = {2018},
  url       = {https://www.usenix.org/conference/atc18/presentation/huang},
  timestamp = {Mon, 16 Jul 2018 15:48:02 +0200},
  biburl    = {https://dblp.org/rec/conf/usenix/HuangPMS0B18.bib},
  bibsource = {dblp computer science bibliography, https://dblp.org}
}

@inproceedings{DBLP:conf/hotstorage/BenderFJKMMSSZ11,
  author    = {Michael A. Bender and
               Martin Farach{-}Colton and
               Rob Johnson and
               Bradley C. Kuszmaul and
               Dzejla Medjedovic and
               Pablo Montes and
               Pradeep Shetty and
               Richard P. Spillane and
               Erez Zadok},
  editor    = {Irfan Ahmad},
  title     = {Don't Thrash: How to Cache Your Hash on Flash},
  booktitle = {3rd {USENIX} Workshop on Hot Topics in Storage and File Systems, HotStorage'11,
               Portland, OR, USA, June 14, 2011},
  publisher = {{USENIX} Association},
  year      = {2011},
  url       = {https://www.usenix.org/conference/hotstorage11/dont-thrash-how-cache-your-hash-flash},
  timestamp = {Wed, 04 Jul 2018 13:06:34 +0200},
  biburl    = {https://dblp.org/rec/conf/hotstorage/BenderFJKMMSSZ11.bib},
  bibsource = {dblp computer science bibliography, https://dblp.org}
}

@inproceedings{DBLP:conf/sigmod/PandeyBJP17,
  author    = {Prashant Pandey and
               Michael A. Bender and
               Rob Johnson and
               Robert Patro},
  editor    = {Semih Salihoglu and
               Wenchao Zhou and
               Rada Chirkova and
               Jun Yang and
               Dan Suciu},
  title     = {A General-Purpose Counting Filter: Making Every Bit Count},
  booktitle = {Proceedings of the 2017 {ACM} International Conference on Management
               of Data, {SIGMOD} Conference 2017, Chicago, IL, USA, May 14-19, 2017},
  pages     = {775--787},
  publisher = {{ACM}},
  year      = {2017},
  url       = {https://doi.org/10.1145/3035918.3035963},
  doi       = {10.1145/3035918.3035963},
  timestamp = {Tue, 06 Nov 2018 11:07:37 +0100},
  biburl    = {https://dblp.org/rec/conf/sigmod/PandeyBJP17.bib},
  bibsource = {dblp computer science bibliography, https://dblp.org}
}

@article{DBLP:journals/jea/PutzeSS09,
  author    = {Felix Putze and
               Peter Sanders and
               Johannes Singler},
  title     = {Cache-, hash-, and space-efficient bloom filters},
  journal   = {{ACM} Journal of Experimental Algorithmics},
  volume    = {14},
  year      = {2009},
  url       = {https://doi.org/10.1145/1498698.1594230},
  doi       = {10.1145/1498698.1594230},
  timestamp = {Tue, 06 Nov 2018 12:51:31 +0100},
  biburl    = {https://dblp.org/rec/bib/journals/jea/PutzeSS09},
  bibsource = {dblp computer science bibliography, https://dblp.org}
}

@inproceedings{DBLP:conf/ipps/HsiehW92,
  author    = {Wilson C. Hsieh and
               William E. Weihl},
  editor    = {Viktor K. Prasanna and
               Larry H. Canter},
  title     = {Scalable Reader-Writer Locks for Parallel Systems},
  booktitle = {Proceedings of the 6th International Parallel Processing Symposium,
               Beverly Hills, CA, USA, March 1992},
  pages     = {656--659},
  publisher = {{IEEE} Computer Society},
  year      = {1992},
  url       = {https://doi.org/10.1109/IPPS.1992.222989},
  doi       = {10.1109/IPPS.1992.222989},
  timestamp = {Wed, 16 Oct 2019 14:14:51 +0200},
  biburl    = {https://dblp.org/rec/conf/ipps/HsiehW92.bib},
  bibsource = {dblp computer science bibliography, https://dblp.org}
}

@article{DBLP:journals/tos/Rodeh08,
  author    = {Ohad Rodeh},
  title     = {B-trees, shadowing, and clones},
  journal   = {{TOS}},
  volume    = {3},
  number    = {4},
  pages     = {2:1--2:27},
  year      = {2008},
  url       = {https://doi.org/10.1145/1326542.1326544},
  doi       = {10.1145/1326542.1326544},
  timestamp = {Wed, 14 Nov 2018 10:30:57 +0100},
  biburl    = {https://dblp.org/rec/journals/tos/Rodeh08.bib},
  bibsource = {dblp computer science bibliography, https://dblp.org}
}

@inproceedings{DBLP:conf/cloud/CooperSTRS10,
  author    = {Brian F. Cooper and
               Adam Silberstein and
               Erwin Tam and
               Raghu Ramakrishnan and
               Russell Sears},
  editor    = {Joseph M. Hellerstein and
               Surajit Chaudhuri and
               Mendel Rosenblum},
  title     = {Benchmarking cloud serving systems with {YCSB}},
  booktitle = {Proceedings of the 1st {ACM} Symposium on Cloud Computing, SoCC 2010,
               Indianapolis, Indiana, USA, June 10-11, 2010},
  pages     = {143--154},
  publisher = {{ACM}},
  year      = {2010},
  url       = {https://doi.org/10.1145/1807128.1807152},
  doi       = {10.1145/1807128.1807152},
  timestamp = {Tue, 06 Nov 2018 11:07:34 +0100},
  biburl    = {https://dblp.org/rec/conf/cloud/CooperSTRS10.bib},
  bibsource = {dblp computer science bibliography, https://dblp.org}
}

@inproceedings{DBLP:conf/usenix/LiTGLX19,
  author    = {Yongkun Li and
               Chengjin Tian and
               Fan Guo and
               Cheng Li and
               Yinlong Xu},
  editor    = {Dahlia Malkhi and
               Dan Tsafrir},
  title     = {ElasticBF: Elastic Bloom Filter with Hotness Awareness for Boosting
               Read Performance in Large Key-Value Stores},
  booktitle = {2019 {USENIX} Annual Technical Conference, {USENIX} {ATC} 2019, Renton,
               WA, USA, July 10-12, 2019},
  pages     = {739--752},
  publisher = {{USENIX} Association},
  year      = {2019},
  url       = {https://www.usenix.org/conference/atc19/presentation/li-yongkun},
  timestamp = {Tue, 16 Jul 2019 14:25:46 +0200},
  biburl    = {https://dblp.org/rec/conf/usenix/LiTGLX19.bib},
  bibsource = {dblp computer science bibliography, https://dblp.org}
}

@inproceedings{DBLP:conf/eurosys/EisenmanGAADHPC18,
  author    = {Assaf Eisenman and
               Darryl Gardner and
               Islam AbdelRahman and
               Jens Axboe and
               Siying Dong and
               Kim M. Hazelwood and
               Chris Petersen and
               Asaf Cidon and
               Sachin Katti},
  editor    = {Rui Oliveira and
               Pascal Felber and
               Y. Charlie Hu},
  title     = {Reducing {DRAM} footprint with {NVM} in facebook},
  booktitle = {Proceedings of the Thirteenth EuroSys Conference, EuroSys 2018, Porto,
               Portugal, April 23-26, 2018},
  pages     = {42:1--42:13},
  publisher = {{ACM}},
  year      = {2018},
  url       = {https://doi.org/10.1145/3190508.3190524},
  doi       = {10.1145/3190508.3190524},
  timestamp = {Wed, 21 Nov 2018 12:44:20 +0100},
  biburl    = {https://dblp.org/rec/conf/eurosys/EisenmanGAADHPC18.bib},
  bibsource = {dblp computer science bibliography, https://dblp.org}
}

@inproceedings{DBLP:conf/sigmetrics/SmithS97,
  author    = {Keith A. Smith and
               Margo I. Seltzer},
  editor    = {John Zahorjan and
               Albert G. Greenberg and
               Scott T. Leutenegger},
  title     = {File System Aging - Increasing the Relevance of File System Benchmarks},
  booktitle = {Proceedings of the 1997 {ACM} {SIGMETRICS} international conference
               on Measurement and modeling of computer systems, Seattle, Washington,
               USA, June 15-18, 1997},
  pages     = {203--213},
  publisher = {{ACM}},
  year      = {1997},
  url       = {https://doi.org/10.1145/258612.258689},
  doi       = {10.1145/258612.258689},
  timestamp = {Tue, 06 Nov 2018 11:07:17 +0100},
  biburl    = {https://dblp.org/rec/conf/sigmetrics/SmithS97.bib},
  bibsource = {dblp computer science bibliography, https://dblp.org}
}

@article{DBLP:journals/tocs/McKusickJLF84,
  author    = {Marshall K. McKusick and
               William N. Joy and
               Samuel J. Leffler and
               Robert S. Fabry},
  title     = {A Fast File System for {UNIX}},
  journal   = {{ACM} Trans. Comput. Syst.},
  volume    = {2},
  number    = {3},
  pages     = {181--197},
  year      = {1984},
  url       = {https://doi.org/10.1145/989.990},
  doi       = {10.1145/989.990},
  timestamp = {Wed, 14 Nov 2018 10:49:57 +0100},
  biburl    = {https://dblp.org/rec/journals/tocs/McKusickJLF84.bib},
  bibsource = {dblp computer science bibliography, https://dblp.org}
}

@inproceedings{DBLP:conf/fast/MinKCLE12,
  author    = {Changwoo Min and
               Kangnyeon Kim and
               Hyunjin Cho and
               Sang{-}Won Lee and
               Young Ik Eom},
  editor    = {William J. Bolosky and
               Jason Flinn},
  title     = {{SFS:} random write considered harmful in solid state drives},
  booktitle = {Proceedings of the 10th {USENIX} conference on File and Storage Technologies,
               {FAST} 2012, San Jose, CA, USA, February 14-17, 2012},
  pages     = {12},
  publisher = {{USENIX} Association},
  year      = {2012},
  url       = {https://www.usenix.org/conference/fast12/sfs-random-write-considered-harmful-solid-state-drives},
  timestamp = {Wed, 04 Jul 2018 13:06:35 +0200},
  biburl    = {https://dblp.org/rec/conf/fast/MinKCLE12.bib},
  bibsource = {dblp computer science bibliography, https://dblp.org}
}

@inproceedings{ext2,
   Author = {R\'emy Card and Theodore Ts'o and Stephen Tweedie},
   booktitle    = {Proceedings of the First {D}utch International Symposium on {L}inux}, 
   Pages = {1--6},
   Shortbooktitle = {Proc. of the First Dutch International Symposium on Linux}, 
   Title = {Design and Implementation of the {S}econd {E}xtended {F}ilesystem},
   address      = {Amsterdam, NL},
   month	       = DEC # {~8--9},
   url = {http://e2fsprogs.sourceforge.net/ext2intro.html},
   Year = 1994
}

@InProceedings{ext3,
   author    = {Stephen Tweedie},
   title     = {{EXT3}, Journaling Filesystem},
   booktitle = {Ottowa Linux Symposium},
   year      = 2000,
   address   = {Ottowa, ON, Canada},
   month     = JUL # {~20}
}

@article{DBLP:journals/usenix-login/MathurCD07,
  author    = {Avantika Mathur and
               Mingming Cao and
               Andreas Dilger},
  title     = {Ext4: The Next Generation of the Ext3 File System},
  journal   = {login Usenix Mag.},
  volume    = {32},
  number    = {3},
  year      = {2007},
  url       = {https://www.usenix.org/publications/login/june-2007-volume-32-number-3/ext4-next-generation-ext3-file-system},
  timestamp = {Thu, 02 Apr 2020 08:42:15 +0200},
  biburl    = {https://dblp.org/rec/journals/usenix-login/MathurCD07.bib},
  bibsource = {dblp computer science bibliography, https://dblp.org}
}

@article{DBLP:journals/tos/RodehBM13,
  author    = {Ohad Rodeh and
               Josef Bacik and
               Chris Mason},
  title     = {{BTRFS:} The Linux B-Tree Filesystem},
  journal   = {{TOS}},
  volume    = {9},
  number    = {3},
  pages     = {9:1--9:32},
  year      = {2013},
  url       = {https://doi.org/10.1145/2501620.2501623},
  doi       = {10.1145/2501620.2501623},
  timestamp = {Tue, 06 Nov 2018 12:51:47 +0100},
  biburl    = {https://dblp.org/rec/journals/tos/RodehBM13.bib},
  bibsource = {dblp computer science bibliography, https://dblp.org}
}

@inproceedings{DBLP:conf/fast/LeeSHC15,
  author    = {Changman Lee and
               Dongho Sim and
               Joo Young Hwang and
               Sangyeun Cho},
  editor    = {Jiri Schindler and
               Erez Zadok},
  title     = {{F2FS:} {A} New File System for Flash Storage},
  booktitle = {Proceedings of the 13th {USENIX} Conference on File and Storage Technologies,
               {FAST} 2015, Santa Clara, CA, USA, February 16-19, 2015},
  pages     = {273--286},
  publisher = {{USENIX} Association},
  year      = {2015},
  url       = {https://www.usenix.org/conference/fast15/technical-sessions/presentation/lee},
  timestamp = {Wed, 04 Jul 2018 13:06:35 +0200},
  biburl    = {https://dblp.org/rec/conf/fast/LeeSHC15.bib},
  bibsource = {dblp computer science bibliography, https://dblp.org}
}

@inproceedings{DBLP:conf/usenix/Sweeney96,
  author    = {Adam Sweeney and
               Doug Doucette and
               Wei Hu and
               Curtis Anderson and
               Mike Nishimoto and
               Geoff Peck},
  title     = {Scalability in the {XFS} File System},
  booktitle = {Proceedings of the {USENIX} Annual Technical Conference, San Diego,
               California, USA, January 22-26, 1996},
  pages     = {1--14},
  publisher = {{USENIX} Association},
  year      = {1996},
  url       = {http://www.usenix.org/publications/library/proceedings/sd96/sweeney.html},
  timestamp = {Wed, 04 Jul 2018 13:06:34 +0200},
  biburl    = {https://dblp.org/rec/conf/usenix/Sweeney96.bib},
  bibsource = {dblp computer science bibliography, https://dblp.org}
}

@inproceedings{DBLP:conf/lisa/Bonwick07a,
  author    = {Jeff Bonwick},
  editor    = {Paul Anderson},
  title     = {{ZFS}},
  booktitle = {Proceedings of the 21th Large Installation System Administration Conference,
               {LISA} 2007, Dallas, Texas, USA, November 11-16, 2007},
  publisher = {{USENIX}},
  year      = {2007},
  url       = {http://www.usenix.org/events/lisa07/tech/bonwick\_guru.pdf},
  timestamp = {Thu, 12 Mar 2020 11:37:04 +0100},
  biburl    = {https://dblp.org/rec/conf/lisa/Bonwick07a.bib},
  bibsource = {dblp computer science bibliography, https://dblp.org}
}

@article{DBLP:journals/tos/JannenYZAEJMPRW15,
  author    = {William Jannen and
               Jun Yuan and
               Yang Zhan and
               Amogh Akshintala and
               John Esmet and
               Yizheng Jiao and
               Ankur Mittal and
               Prashant Pandey and
               Phaneendra Reddy and
               Leif Walsh and
               Michael A. Bender and
               Martin Farach{-}Colton and
               Rob Johnson and
               Bradley C. Kuszmaul and
               Donald E. Porter},
  title     = {BetrFS: Write-Optimization in a Kernel File System},
  journal   = {{TOS}},
  volume    = {11},
  number    = {4},
  pages     = {18:1--18:29},
  year      = {2015},
  url       = {https://doi.org/10.1145/2798729},
  doi       = {10.1145/2798729},
  timestamp = {Wed, 12 Dec 2018 16:25:51 +0100},
  biburl    = {https://dblp.org/rec/journals/tos/JannenYZAEJMPRW15.bib},
  bibsource = {dblp computer science bibliography, https://dblp.org}
}

@inproceedings{DBLP:conf/fast/JannenYZAEJMPRW15,
  author    = {William Jannen and
               Jun Yuan and
               Yang Zhan and
               Amogh Akshintala and
               John Esmet and
               Yizheng Jiao and
               Ankur Mittal and
               Prashant Pandey and
               Phaneendra Reddy and
               Leif Walsh and
               Michael A. Bender and
               Martin Farach{-}Colton and
               Rob Johnson and
               Bradley C. Kuszmaul and
               Donald E. Porter},
  editor    = {Jiri Schindler and
               Erez Zadok},
  title     = {BetrFS: {A} Right-Optimized Write-Optimized File System},
  booktitle = {Proceedings of the 13th {USENIX} Conference on File and Storage Technologies,
               {FAST} 2015, Santa Clara, CA, USA, February 16-19, 2015},
  pages     = {301--315},
  publisher = {{USENIX} Association},
  year      = {2015},
  url       = {https://www.usenix.org/conference/fast15/technical-sessions/presentation/jannen},
  timestamp = {Wed, 12 Dec 2018 16:25:50 +0100},
  biburl    = {https://dblp.org/rec/conf/fast/JannenYZAEJMPRW15.bib},
  bibsource = {dblp computer science bibliography, https://dblp.org}
}

@misc{pcworld-ssd-defrag-benchmarks,
   OPTkey = {Arch},
   url = {http://www.pcworld.com/article/2047513/fragging-wonderful-the-truth-about-defragging-your-ssd.html},
   Title = {Fragging wonderful: The truth about defragging your SSD},
   OPThowpublished = {},
   note = {Accessed 25 September 2016}
}

@inproceedings{DBLP:conf/fast/YuanZJPACDKWBFJ16,
  author    = {Jun Yuan and
               Yang Zhan and
               William Jannen and
               Prashant Pandey and
               Amogh Akshintala and
               Kanchan Chandnani and
               Pooja Deo and
               Zardosht Kasheff and
               Leif Walsh and
               Michael A. Bender and
               Martin Farach{-}Colton and
               Rob Johnson and
               Bradley C. Kuszmaul and
               Donald E. Porter},
  editor    = {Angela Demke Brown and
               Florentina I. Popovici},
  title     = {Optimizing Every Operation in a Write-optimized File System},
  booktitle = {14th {USENIX} Conference on File and Storage Technologies, {FAST}
               2016, Santa Clara, CA, USA, February 22-25, 2016},
  pages     = {1--14},
  publisher = {{USENIX} Association},
  year      = {2016},
  url       = {https://www.usenix.org/conference/fast16/technical-sessions/presentation/yuan},
  timestamp = {Wed, 12 Dec 2018 16:25:50 +0100},
  biburl    = {https://dblp.org/rec/conf/fast/YuanZJPACDKWBFJ16.bib},
  bibsource = {dblp computer science bibliography, https://dblp.org}
}

@Book{linux-system-admin-guide,
   author    = {Lars Wirzenius and Joanna Oja and Stephen Stafford and Alex Weeks},
   title     = {Linux System Administrator's Guide},
   publisher = {The Linux Documentation Project},
   year      = 2004,
   note      = {Version 0.9},
   url       = {http://www.tldp.org/LDP/sag/sag.pdf}
}

@inproceedings{DBLP:conf/mascots/AhnKCP02,
  author    = {Woo Hyun Ahn and
               Kyungbaek Kim and
               Yongjin Choi and
               Daeyeon Park},
  title     = {{DFS:} {A} De-Fragmented File System},
  booktitle = {10th International Workshop on Modeling, Analysis, and Simulation
               of Computer and Telecommunication Systems {(MASCOTS} 2002), 11-16
               October 2002, Fort Worth, Texas, {USA}},
  pages     = {71--80},
  publisher = {{IEEE} Computer Society},
  year      = {2002},
  url       = {https://doi.org/10.1109/MASCOT.2002.1167062},
  doi       = {10.1109/MASCOT.2002.1167062},
  timestamp = {Wed, 16 Oct 2019 14:14:53 +0200},
  biburl    = {https://dblp.org/rec/conf/mascots/AhnKCP02.bib},
  bibsource = {dblp computer science bibliography, https://dblp.org}
}

@article{DBLP:journals/tos/AgrawalAA09,
  author    = {Nitin Agrawal and
               Andrea C. Arpaci{-}Dusseau and
               Remzi H. Arpaci{-}Dusseau},
  title     = {Generating realistic \emph{impressions} for file-system benchmarking},
  journal   = {{TOS}},
  volume    = {5},
  number    = {4},
  pages     = {16:1--16:30},
  year      = {2009},
  url       = {https://doi.org/10.1145/1629080.1629086},
  doi       = {10.1145/1629080.1629086},
  timestamp = {Tue, 01 Oct 2019 11:24:25 +0200},
  biburl    = {https://dblp.org/rec/journals/tos/AgrawalAA09.bib},
  bibsource = {dblp computer science bibliography, https://dblp.org}
}

@inproceedings{DBLP:conf/fast/ZhuCC05,
  author    = {Ningning Zhu and
               Jiawu Chen and
               Tzi{-}cker Chiueh},
  editor    = {Garth Gibson},
  title     = {{TBBT:} Scalable and Accurate Trace Replay for File Server Evaluation},
  booktitle = {Proceedings of the {FAST} '05 Conference on File and Storage Technologies,
               December 13-16, 2005, San Francisco, California, {USA}},
  publisher = {{USENIX}},
  year      = {2005},
  url       = {http://www.usenix.org/events/fast05/tech/zhu.html},
  timestamp = {Wed, 04 Jul 2018 13:06:35 +0200},
  biburl    = {https://dblp.org/rec/conf/fast/ZhuCC05.bib},
  bibsource = {dblp computer science bibliography, https://dblp.org}
}

@inproceedings{DBLP:conf/hotstorage/JiCSWLX16,
  author    = {Cheng Ji and
               Li{-}Pin Chang and
               Liang Shi and
               Chao Wu and
               Qiao Li and
               Chun Jason Xue},
  editor    = {Nitin Agrawal and
               Sam H. Noh},
  title     = {An Empirical Study of File-System Fragmentation in Mobile Storage
               Systems},
  booktitle = {8th {USENIX} Workshop on Hot Topics in Storage and File Systems, HotStorage
               2016, Denver, CO, USA, June 20-21, 2016},
  publisher = {{USENIX} Association},
  year      = {2016},
  url       = {https://www.usenix.org/conference/hotstorage16/workshop-program/presentation/ji},
  timestamp = {Wed, 29 Jan 2020 17:17:49 +0100},
  biburl    = {https://dblp.org/rec/conf/hotstorage/JiCSWLX16.bib},
  bibsource = {dblp computer science bibliography, https://dblp.org}
}

@article{DBLP:journals/tos/AgrawalBDL07,
  author    = {Nitin Agrawal and
               William J. Bolosky and
               John R. Douceur and
               Jacob R. Lorch},
  title     = {A five-year study of file-system metadata},
  journal   = {{TOS}},
  volume    = {3},
  number    = {3},
  pages     = {9:1--9:32},
  year      = {2007},
  url       = {https://doi.org/10.1145/1288783.1288788},
  doi       = {10.1145/1288783.1288788},
  timestamp = {Tue, 01 Oct 2019 11:28:18 +0200},
  biburl    = {https://dblp.org/rec/journals/tos/AgrawalBDL07.bib},
  bibsource = {dblp computer science bibliography, https://dblp.org}
}

@inproceedings{DBLP:conf/mascots/Downey01,
  author    = {Allen B. Downey},
  title     = {The Structural Cause of File Size Distributions},
  booktitle = {9th International Workshop on Modeling, Analysis, and Simulation of
               Computer and Telecommunication Systems {(MASCOTS} 2001), 15-18 August
               2001, Cincinnati, OH, {USA}},
  pages     = {361--370},
  publisher = {{IEEE} Computer Society},
  year      = {2001},
  url       = {https://doi.org/10.1109/MASCOT.2001.948888},
  doi       = {10.1109/MASCOT.2001.948888},
  timestamp = {Wed, 16 Oct 2019 14:14:53 +0200},
  biburl    = {https://dblp.org/rec/conf/mascots/Downey01.bib},
  bibsource = {dblp computer science bibliography, https://dblp.org}
}

@inproceedings{DBLP:conf/usenix/RoselliLA00,
  author    = {Drew S. Roselli and
               Jacob R. Lorch and
               Thomas E. Anderson},
  title     = {A Comparison of File System Workloads},
  booktitle = {Proceedings of the General Track: 2000 {USENIX} Annual Technical Conference,
               June 18-23, 2000, San Diego, CA, {USA}},
  pages     = {41--54},
  publisher = {{USENIX}},
  year      = {2000},
  url       = {http://www.usenix.org/publications/library/proceedings/usenix2000/general/roselli.html},
  timestamp = {Thu, 09 Dec 2004 14:52:39 +0100},
  biburl    = {https://dblp.org/rec/conf/usenix/RoselliLA00.bib},
  bibsource = {dblp computer science bibliography, https://dblp.org}
}

@inproceedings{DBLP:conf/sigmetrics/JungK13,
  author    = {Myoungsoo Jung and
               Mahmut T. Kandemir},
  editor    = {Mor Harchol{-}Balter and
               John R. Douceur and
               Jun Xu},
  title     = {Revisiting widely held {SSD} expectations and rethinking system-level
               implications},
  booktitle = {{ACM} {SIGMETRICS} / International Conference on Measurement and Modeling
               of Computer Systems, {SIGMETRICS} '13, Pittsburgh, PA, USA, June 17-21,
               2013},
  pages     = {203--216},
  publisher = {{ACM}},
  year      = {2013},
  url       = {https://doi.org/10.1145/2465529.2465548},
  doi       = {10.1145/2465529.2465548},
  timestamp = {Tue, 06 Nov 2018 11:07:17 +0100},
  biburl    = {https://dblp.org/rec/conf/sigmetrics/JungK13.bib},
  bibsource = {dblp computer science bibliography, https://dblp.org}
}

@article{DBLP:journals/csur/MaFL14,
  author    = {Dongzhe Ma and
               Jianhua Feng and
               Guoliang Li},
  title     = {A survey of address translation technologies for flash memories},
  journal   = {{ACM} Comput. Surv.},
  volume    = {46},
  number    = {3},
  pages     = {36:1--36:39},
  year      = {2014},
  url       = {https://doi.org/10.1145/2512961},
  doi       = {10.1145/2512961},
  timestamp = {Tue, 06 Nov 2018 12:50:48 +0100},
  biburl    = {https://dblp.org/rec/journals/csur/MaFL14.bib},
  bibsource = {dblp computer science bibliography, https://dblp.org}
}

@inproceedings{DBLP:conf/sigmetrics/ChenKZ09,
  author    = {Feng Chen and
               David A. Koufaty and
               Xiaodong Zhang},
  editor    = {John R. Douceur and
               Albert G. Greenberg and
               Thomas Bonald and
               Jason Nieh},
  title     = {Understanding intrinsic characteristics and system implications of
               flash memory based solid state drives},
  booktitle = {Proceedings of the Eleventh International Joint Conference on Measurement
               and Modeling of Computer Systems, SIGMETRICS/Performance 2009, Seattle,
               WA, USA, June 15-19, 2009},
  pages     = {181--192},
  publisher = {{ACM}},
  year      = {2009},
  url       = {https://doi.org/10.1145/1555349.1555371},
  doi       = {10.1145/1555349.1555371},
  timestamp = {Tue, 06 Nov 2018 11:07:17 +0100},
  biburl    = {https://dblp.org/rec/conf/sigmetrics/ChenKZ09.bib},
  bibsource = {dblp computer science bibliography, https://dblp.org}
}

@article{DBLP:journals/siamcomp/BenderDF05,
  author    = {Michael A. Bender and
               Erik D. Demaine and
               Martin Farach{-}Colton},
  title     = {Cache-Oblivious B-Trees},
  journal   = {{SIAM} J. Comput.},
  volume    = {35},
  number    = {2},
  pages     = {341--358},
  year      = {2005},
  url       = {https://doi.org/10.1137/S0097539701389956},
  doi       = {10.1137/S0097539701389956},
  timestamp = {Sun, 02 Jun 2019 21:02:34 +0200},
  biburl    = {https://dblp.org/rec/journals/siamcomp/BenderDF05.bib},
  bibsource = {dblp computer science bibliography, https://dblp.org}
}

@article{DBLP:journals/acta/ONeilCGO96,
  author    = {Patrick E. O'Neil and
               Edward Cheng and
               Dieter Gawlick and
               Elizabeth J. O'Neil},
  title     = {The Log-Structured Merge-Tree (LSM-Tree)},
  journal   = {Acta Inf.},
  volume    = {33},
  number    = {4},
  pages     = {351--385},
  year      = {1996},
  url       = {https://doi.org/10.1007/s002360050048},
  doi       = {10.1007/s002360050048},
  timestamp = {Wed, 14 Nov 2018 10:14:19 +0100},
  biburl    = {https://dblp.org/rec/journals/acta/ONeilCGO96.bib},
  bibsource = {dblp computer science bibliography, https://dblp.org}
}

@article{DBLP:journals/tpds/Mitzenmacher01,
  author    = {Michael Mitzenmacher},
  title     = {The Power of Two Choices in Randomized Load Balancing},
  journal   = {{IEEE} Trans. Parallel Distrib. Syst.},
  volume    = {12},
  number    = {10},
  pages     = {1094--1104},
  year      = {2001},
  url       = {https://doi.org/10.1109/71.963420},
  doi       = {10.1109/71.963420},
  timestamp = {Sat, 27 May 2017 14:23:24 +0200},
  biburl    = {https://dblp.org/rec/journals/tpds/Mitzenmacher01.bib},
  bibsource = {dblp computer science bibliography, https://dblp.org}
}

@inproceedings{DBLP:conf/stoc/AdlerCMR95,
  author    = {Micah Adler and
               Soumen Chakrabarti and
               Michael Mitzenmacher and
               Lars Eilstrup Rasmussen},
  editor    = {Frank Thomson Leighton and
               Allan Borodin},
  title     = {Parallel randomized load balancing (Preliminary Version)},
  booktitle = {Proceedings of the Twenty-Seventh Annual {ACM} Symposium on Theory
               of Computing, 29 May-1 June 1995, Las Vegas, Nevada, {USA}},
  pages     = {238--247},
  publisher = {{ACM}},
  year      = {1995},
  url       = {https://doi.org/10.1145/225058.225131},
  doi       = {10.1145/225058.225131},
  timestamp = {Tue, 06 Nov 2018 11:07:05 +0100},
  biburl    = {https://dblp.org/rec/conf/stoc/AdlerCMR95.bib},
  bibsource = {dblp computer science bibliography, https://dblp.org}
}

@inproceedings{DBLP:conf/esa/AdlerBS98,
  author    = {Micah Adler and
               Petra Berenbrink and
               Klaus Schr{\"{o}}der},
  editor    = {Gianfranco Bilardi and
               Giuseppe F. Italiano and
               Andrea Pietracaprina and
               Geppino Pucci},
  title     = {Analyzing an Infinite Parallel Job Allocation Process},
  booktitle = {Algorithms - {ESA} '98, 6th Annual European Symposium, Venice, Italy,
               August 24-26, 1998, Proceedings},
  series    = {Lecture Notes in Computer Science},
  volume    = {1461},
  pages     = {417--428},
  publisher = {Springer},
  year      = {1998},
  url       = {https://doi.org/10.1007/3-540-68530-8\_35},
  doi       = {10.1007/3-540-68530-8\_35},
  timestamp = {Tue, 14 May 2019 10:00:54 +0200},
  biburl    = {https://dblp.org/rec/conf/esa/AdlerBS98.bib},
  bibsource = {dblp computer science bibliography, https://dblp.org}
}

@article{DBLP:journals/siamcomp/AzarBKU99,
  author    = {Yossi Azar and
               Andrei Z. Broder and
               Anna R. Karlin and
               Eli Upfal},
  title     = {Balanced Allocations},
  journal   = {{SIAM} J. Comput.},
  volume    = {29},
  number    = {1},
  pages     = {180--200},
  year      = {1999},
  url       = {https://doi.org/10.1137/S0097539795288490},
  doi       = {10.1137/S0097539795288490},
  timestamp = {Mon, 16 Sep 2019 14:51:19 +0200},
  biburl    = {https://dblp.org/rec/journals/siamcomp/AzarBKU99.bib},
  bibsource = {dblp computer science bibliography, https://dblp.org}
}

@inproceedings{DBLP:conf/random/ColeFMMRSU98,
  author    = {Richard Cole and
               Alan M. Frieze and
               Bruce M. Maggs and
               Michael Mitzenmacher and
               Andr{\'{e}}a W. Richa and
               Ramesh K. Sitaraman and
               Eli Upfal},
  editor    = {Michael Luby and
               Jos{\'{e}} D. P. Rolim and
               Maria J. Serna},
  title     = {On Balls and Bins with Deletions},
  booktitle = {Randomization and Approximation Techniques in Computer Science, Second
               International Workshop, RANDOM'98, Barcelona, Spain, October 8-10,
               1998, Proceedings},
  series    = {Lecture Notes in Computer Science},
  volume    = {1518},
  pages     = {145--158},
  publisher = {Springer},
  year      = {1998},
  url       = {https://doi.org/10.1007/3-540-49543-6\_12},
  doi       = {10.1007/3-540-49543-6\_12},
  timestamp = {Mon, 16 Sep 2019 15:28:32 +0200},
  biburl    = {https://dblp.org/rec/conf/random/ColeFMMRSU98.bib},
  bibsource = {dblp computer science bibliography, https://dblp.org}
}

@inproceedings{DBLP:conf/stoc/ColeMHMRSSV98,
  author    = {Richard Cole and
               Bruce M. Maggs and
               Friedhelm Meyer auf der Heide and
               Michael Mitzenmacher and
               Andr{\'{e}}a W. Richa and
               Klaus Schr{\"{o}}der and
               Ramesh K. Sitaraman and
               Berthold V{\"{o}}cking},
  editor    = {Jeffrey Scott Vitter},
  title     = {Randomized Protocols for Low Congestion Circuit Routing in Multistage
               Interconnection Networks},
  booktitle = {Proceedings of the Thirtieth Annual {ACM} Symposium on the Theory
               of Computing, Dallas, Texas, USA, May 23-26, 1998},
  pages     = {378--388},
  publisher = {{ACM}},
  year      = {1998},
  url       = {https://doi.org/10.1145/276698.276790},
  doi       = {10.1145/276698.276790},
  timestamp = {Tue, 06 Nov 2018 11:07:04 +0100},
  biburl    = {https://dblp.org/rec/conf/stoc/ColeMHMRSSV98.bib},
  bibsource = {dblp computer science bibliography, https://dblp.org}
}

@article{DBLP:journals/rsa/CzumajS01,
  author    = {Artur Czumaj and
               Volker Stemann},
  title     = {Randomized allocation processes},
  journal   = {Random Struct. Algorithms},
  volume    = {18},
  number    = {4},
  pages     = {297--331},
  year      = {2001},
  url       = {https://doi.org/10.1002/rsa.1011},
  doi       = {10.1002/rsa.1011},
  timestamp = {Fri, 26 May 2017 22:50:40 +0200},
  biburl    = {https://dblp.org/rec/journals/rsa/CzumajS01.bib},
  bibsource = {dblp computer science bibliography, https://dblp.org}
}

@inproceedings{DBLP:conf/focs/Mitzenmacher96,
  author    = {Michael Mitzenmacher},
  title     = {Load Balancing and Density Dependent Jump Markov Processes (extended
               abstract)},
  booktitle = {37th Annual Symposium on Foundations of Computer Science, {FOCS} '96,
               Burlington, Vermont, USA, 14-16 October, 1996},
  pages     = {213--222},
  publisher = {{IEEE} Computer Society},
  year      = {1996},
  url       = {https://doi.org/10.1109/SFCS.1996.548480},
  doi       = {10.1109/SFCS.1996.548480},
  timestamp = {Wed, 16 Oct 2019 14:14:54 +0200},
  biburl    = {https://dblp.org/rec/conf/focs/Mitzenmacher96.bib},
  bibsource = {dblp computer science bibliography, https://dblp.org}
}

@article{DBLP:journals/mst/Mitzenmacher99,
  author    = {Michael Mitzenmacher},
  title     = {On the Analysis of Randomized Load Balancing Schemes},
  journal   = {Theory Comput. Syst.},
  volume    = {32},
  number    = {3},
  pages     = {361--386},
  year      = {1999},
  url       = {https://doi.org/10.1007/s002240000122},
  doi       = {10.1007/s002240000122},
  timestamp = {Sun, 28 May 2017 13:18:25 +0200},
  biburl    = {https://dblp.org/rec/journals/mst/Mitzenmacher99.bib},
  bibsource = {dblp computer science bibliography, https://dblp.org}
}

@article{DBLP:journals/jacm/Vocking03,
  author    = {Berthold V{\"{o}}cking},
  title     = {How asymmetry helps load balancing},
  journal   = {J. {ACM}},
  volume    = {50},
  number    = {4},
  pages     = {568--589},
  year      = {2003},
  url       = {https://doi.org/10.1145/792538.792546},
  doi       = {10.1145/792538.792546},
  timestamp = {Tue, 06 Nov 2018 12:51:45 +0100},
  biburl    = {https://dblp.org/rec/journals/jacm/Vocking03.bib},
  bibsource = {dblp computer science bibliography, https://dblp.org}
}

@article{DBLP:journals/rsa/BringmannSSS16,
  author    = {Karl Bringmann and
               Thomas Sauerwald and
               Alexandre Stauffer and
               He Sun},
  title     = {Balls into bins via local search: Cover time and maximum load},
  journal   = {Random Struct. Algorithms},
  volume    = {48},
  number    = {4},
  pages     = {681--702},
  year      = {2016},
  url       = {https://doi.org/10.1002/rsa.20602},
  doi       = {10.1002/rsa.20602},
  timestamp = {Thu, 08 Jun 2017 08:58:41 +0200},
  biburl    = {https://dblp.org/rec/journals/rsa/BringmannSSS16.bib},
  bibsource = {dblp computer science bibliography, https://dblp.org}
}

@article{DBLP:journals/algorithmica/Park17,
  author    = {Gahyun Park},
  title     = {A Generalization of Multiple Choice Balls-into-Bins: Tight Bounds},
  journal   = {Algorithmica},
  volume    = {77},
  number    = {4},
  pages     = {1159--1193},
  year      = {2017},
  url       = {https://doi.org/10.1007/s00453-016-0141-z},
  doi       = {10.1007/s00453-016-0141-z},
  timestamp = {Wed, 26 Jul 2017 16:39:42 +0200},
  biburl    = {https://dblp.org/rec/journals/algorithmica/Park17.bib},
  bibsource = {dblp computer science bibliography, https://dblp.org}
}

@Misc{WestZaWa16,
  author        = {West, R. and Zaroo, P. and Waldspurger, C.A. and Zhang, X. and Zheng, H.},
  title         = {Online computation of cache occupancy and performance},
  month         = jul #{~19},
  year          = {2016},
  note          = {US Patent 9,396,024},
  __markedentry = {[rob:6]},
  publisher     = {Google Patents}
}

@article{DBLP:journals/talg/Farach-ColtonFM09,
  author    = {Martin Farach{-}Colton and
               Rohan J. Fernandes and
               Miguel A. Mosteiro},
  title     = {Bootstrapping a hop-optimal network in the weak sensor model},
  journal   = {{ACM} Trans. Algorithms},
  volume    = {5},
  number    = {4},
  pages     = {37:1--37:30},
  year      = {2009},
  url       = {https://doi.org/10.1145/1597036.1597040},
  doi       = {10.1145/1597036.1597040},
  timestamp = {Tue, 06 Nov 2018 12:51:20 +0100},
  biburl    = {https://dblp.org/rec/journals/talg/Farach-ColtonFM09.bib},
  bibsource = {dblp computer science bibliography, https://dblp.org}
}

@article{DBLP:journals/corr/abs-0901-1155,
  author    = {Itai Benjamini and
               Yury Makarychev},
  title     = {Balanced Allocation: Memory Performance Tradeoffs},
  journal   = {CoRR},
  volume    = {abs/0901.1155},
  year      = {2009},
  url       = {http://arxiv.org/abs/0901.1155},
  archivePrefix = {arXiv},
  eprint    = {0901.1155},
  timestamp = {Mon, 13 Aug 2018 16:48:21 +0200},
  biburl    = {https://dblp.org/rec/journals/corr/abs-0901-1155.bib},
  bibsource = {dblp computer science bibliography, https://dblp.org}
}

@InProceedings{PetrovaOlMa10,
  author    = {Petrova, Marina and Olano, Natalia and M\"{a}h\"{o}nen, Petri},
  title     = {Balls and Bins Distributed Load Balancing Algorithm for Channel Allocation},
  booktitle = {WONS '10}
}

@inproceedings{DBLP:conf/podc/BerenbrinkFKMNW16,
  author    = {Petra Berenbrink and
               Tom Friedetzky and
               Peter Kling and
               Frederik Mallmann{-}Trenn and
               Lars Nagel and
               Christopher Wastell},
  editor    = {George Giakkoupis},
  title     = {Self-stabilizing Balls {\&} Bins in Batches: The Power of Leaky
               Bins [Extended Abstract]},
  booktitle = {Proceedings of the 2016 {ACM} Symposium on Principles of Distributed
               Computing, {PODC} 2016, Chicago, IL, USA, July 25-28, 2016},
  pages     = {83--92},
  publisher = {{ACM}},
  year      = {2016},
  url       = {https://doi.org/10.1145/2933057.2933092},
  doi       = {10.1145/2933057.2933092},
  timestamp = {Mon, 16 Sep 2019 15:23:07 +0200},
  biburl    = {https://dblp.org/rec/conf/podc/BerenbrinkFKMNW16.bib},
  bibsource = {dblp computer science bibliography, https://dblp.org}
}

@Online{Azure16,
  author       = {Microsoft Azure},
  title        = {How to use batching to improve {SQL} Database application performance},
  howpublished = {\url{https://docs.microsoft.com/en-us/azure/sql-database/sql-database-use-batching-to-improve-performance}},
  year         = {2016},
}

@Online{IBM17,
  author       = {IBM},
  title        = {Buffered inserts in partitioned database environments},
  howpublished = {\url{https://www.ibm.com/support/knowledgecenter/SSEPGG_10.5.0/com.ibm.db2.luw.apdv.embed.doc/doc/c0061906.html}},
  year         = {2017},
}

@Online{Xiang12,
  author       = {Jimmy Xiang},
  title        = {Apache HBase Write Path},
  howpublished = {\url{http://blog.cloudera.com/blog/2012/06/hbase-write-path/}},
  year         = {2012},
}

@Online{NuDB16,
  author       = {NuDB},
  title        = {NuDB: A fast key/value insert-only database for SSD drives in C++11},
  howpublished = {\url{https://github.com/vinniefalco/NuDB}},
  year         = {2016},
}

@Online{Oracle17,
  author       = {Oracle},
  title        = {Tuning the Database Buffer Cache},
  howpublished = {\url{https://docs.oracle.com/database/121/TGDBA/tune_buffer_cache.htm#TGDBA294}},
  year         = {2017},
}

@Online{SAP17,
  author       = {SAP},
  title        = {RLV Data Store for Write-Optimized Storage},
  howpublished = {\url{http://help-legacy.sap.com/saphelp_iq1611_iqnfs/helpdata/en/a3/13783784f21015bf03c9b06ad16fc0/content.htm}},
  year         = {2017},
}

@Online{Vertica17,
  author       = {Vertica},
  title        = {WOS (Write Optimized Store)},
  howpublished = {\url{https://my.vertica.com/docs/7.1.x/HTML/Content/Authoring/Glossary/WOSWriteOptimizedStore.htm}},
  year         = {2017},
}

@inproceedings{DBLP:conf/vldb/CanimMBLR10,
  author    = {Mustafa Canim and
               George A. Mihaila and
               Bishwaranjan Bhattacharjee and
               Christian A. Lang and
               Kenneth A. Ross},
  editor    = {Rajesh Bordawekar and
               Christian A. Lang},
  title     = {Buffered Bloom Filters on Solid State Storage},
  booktitle = {International Workshop on Accelerating Data Management Systems Using
               Modern Processor and Storage Architectures - {ADMS} 2010, Singapore,
               September 13, 2010},
  pages     = {1--8},
  year      = {2010},
  url       = {http://www.vldb.org/archives/workshop/2010/proceedings/files/vldb\_2010\_workshop/ADMS\_2010/adms10-canim.pdf},
  timestamp = {Thu, 12 Mar 2020 11:33:50 +0100},
  biburl    = {https://dblp.org/rec/conf/vldb/CanimMBLR10.bib},
  bibsource = {dblp computer science bibliography, https://dblp.org}
}

@Article{DeheuvelsDe84,
  author    = {Deheuvels, Paul and Devroye, Luc},
  title     = {Strong laws for the maximal $k$-spacing when $k \le  c \log n$},
  journal   = {Zeitschrift f{\"u}r Wahrscheinlichkeitstheorie und Verwandte Gebiete},
  year      = {1984},
  volume    = {66},
  number    = {3},
  pages     = {315--334},
  file      = {DeheuvelsDe84.pdf:../related/DeheuvelsDe84.pdf:PDF}
}

@inproceedings{DBLP:conf/fast/ConwayBJJZYBJKP17,
  author    = {Alexander Conway and
               Ainesh Bakshi and
               Yizheng Jiao and
               William Jannen and
               Yang Zhan and
               Jun Yuan and
               Michael A. Bender and
               Rob Johnson and
               Bradley C. Kuszmaul and
               Donald E. Porter and
               Martin Farach{-}Colton},
  editor    = {Geoff Kuenning and
               Carl A. Waldspurger},
  title     = {File Systems Fated for Senescence? Nonsense, Says Science!},
  booktitle = {15th {USENIX} Conference on File and Storage Technologies, {FAST}
               2017, Santa Clara, CA, USA, February 27 - March 2, 2017},
  pages     = {45--58},
  publisher = {{USENIX} Association},
  year      = {2017},
  url       = {https://www.usenix.org/conference/fast17/technical-sessions/presentation/conway},
  timestamp = {Wed, 12 Dec 2018 16:25:50 +0100},
  biburl    = {https://dblp.org/rec/conf/fast/ConwayBJJZYBJKP17.bib},
  bibsource = {dblp computer science bibliography, https://dblp.org}
}

@Online{Informix,
  author = {IBM Informix},
  title  = {Understanding {SQL} insert cursors},
  url    = {https://www.ibm.com/support/knowledgecenter/en/SSBJG3_2.5.0/com.ibm.gen_busug.doc/c_fgl_InsertCursors_002.htm},
}

@Online{Callaghan11,
  author       = {Mark Callaghan},
  title        = {Something awesome in {InnoDB} -- the insert buffer},
  howpublished = {\url{https://www.facebook.com/notes/mysql-at-facebook/something-awesome-in-innodb-the-insert-buffer/492969385932/}},
  year         = {2011},
}

@book{Kallenberg16,
author = {Kallenberg, Lodewijk},
year = {2016},
month = {10},
pages = {},
title = {Markov Decision Processes - version 2016}
}

@Misc{Tokutek14,
  author = {{Tokutek, Inc.}},
  title  = {{TokuDB} and {TokuMX}},
  year   = {2014},
  note   = {\url{http://www.tokutek.com}},
  key    = {tokutek},
  url    = {http://www.tokutek.com},
}

@inproceedings{DBLP:conf/soda/BrodalDFILM10,
  author    = {Gerth St{\o}lting Brodal and
               Erik D. Demaine and
               Jeremy T. Fineman and
               John Iacono and
               Stefan Langerman and
               J. Ian Munro},
  editor    = {Moses Charikar},
  title     = {Cache-Oblivious Dynamic Dictionaries with Update/Query Tradeoffs},
  booktitle = {Proceedings of the Twenty-First Annual {ACM-SIAM} Symposium on Discrete
               Algorithms, {SODA} 2010, Austin, Texas, USA, January 17-19, 2010},
  pages     = {1448--1456},
  publisher = {{SIAM}},
  year      = {2010},
  url       = {https://doi.org/10.1137/1.9781611973075.117},
  doi       = {10.1137/1.9781611973075.117},
  timestamp = {Wed, 24 May 2017 08:31:21 +0200},
  biburl    = {https://dblp.org/rec/conf/soda/BrodalDFILM10.bib},
  bibsource = {dblp computer science bibliography, https://dblp.org}
}

@inproceedings{DBLP:conf/focs/BenderFGJM018,
  author    = {Michael A. Bender and
               Martin Farach{-}Colton and
               Mayank Goswami and
               Rob Johnson and
               Samuel McCauley and
               Shikha Singh},
  editor    = {Mikkel Thorup},
  title     = {Bloom Filters, Adaptivity, and the Dictionary Problem},
  booktitle = {59th {IEEE} Annual Symposium on Foundations of Computer Science, {FOCS}
               2018, Paris, France, October 7-9, 2018},
  pages     = {182--193},
  publisher = {{IEEE} Computer Society},
  year      = {2018},
  url       = {https://doi.org/10.1109/FOCS.2018.00026},
  doi       = {10.1109/FOCS.2018.00026},
  timestamp = {Wed, 16 Oct 2019 14:14:54 +0200},
  biburl    = {https://dblp.org/rec/conf/focs/BenderFGJM018.bib},
  bibsource = {dblp computer science bibliography, https://dblp.org}
}

@Misc{Foundation17,
  author = {{MariaDB} {Foundation}},
  title  = {{MariaDB Foundation}},
  year   = {2017},
  note   = {\url{https://mariadb.org}},
  key    = {mariadb},
  url    = {https://mariadb.org},
}

@Misc{Oracle17a,
  author = {{Oracle, Inc.}},
  title  = {Introduction to InnoDB},
  year   = {2017},
  note   = {\url{https://dev.mysql.com/doc/refman/5.6/en/innodb-introduction.html}},
  key    = {innodb},
  url    = {https://dev.mysql.com/doc/refman/5.6/en/innodb-introduction.html},
}

@Misc{Oracle17b,
  author = {{Oracle, Inc.}},
  title  = {{MySQL}},
  year   = {2017},
  note   = {\url{https://www.mysql.com}},
  key    = {mysql},
  url    = {https://www.mysql.com},
}

@Online{Callaghan10,
  author       = {Mark Callaghan},
  title        = {An obscure performance problem with the insert buffer},
  howpublished = {\url{https://www.facebook.com/notes/mysql-at-facebook/an-obscure-performance-problem-with-the-insert-buffer/479735920932/}},
  year         = {2010},
}

